2692 4230
129 169 293 208 rtnmnoms
580 149 635 217 tlt,
653 152 765 207 tt-ot.

130 326 261 388 condidit
283 336 313 387 et
335 340 443 385 nomen
467 322 602 385 tumulati
624 323 713 387 traxit
733 323 765 409 in
787 315 910 386 urbem?

130 411 198 474 talia
221 407 374 473 constabat
394 413 473 466 certa
495 408 656 487 primordia
678 409 755 471 lama

131 515 195 558 esse
217 495 275 557 loci
297 491 469 574 positaeque
491 491 571 555 ltabs
592 493 625 555 in
647 492 757 556 linibus
778 493 871 557 urbis.

216 580 267 641 Vir
287 577 344 638 luit
364 575 422 650 bie,
445 586 512 639 ortu
535 577 668 640 Samius:
691 579 742 639 scd
764 578 879 659 fugerat
900 597 959 641 una

132 676 161 728 et
183 666 291 727 Samon
315 669 344 721 et
365 660 502 724 dominos
523 662 651 743 odioque
672 663 837 740 tyrannidis
857 665 925 726 exul

131 760 237 832 sponte
259 754 330 808 erat.
374 745 468 827 isque,
491 747 560 809 lieet
581 745 655 808 caeli
677 746 800 823 regione
821 759 961 824 remotos,

130 844 230 897 mente
252 832 323 892 deos
344 830 413 894 adiit
435 841 464 894 et
486 849 561 911 quae
583 838 688 891 natura
710 830 836 909 negabat

130 919 239 980 risibus
260 915 406 992 bumanis,
428 915 523 978 oculis
544 933 578 976 ea
599 912 732 994 pectoris
753 915 860 976 bausit.

132 1019 259 1080 cumque
280 1001 380 1064 animo
403 1011 431 1062 et
450 998 531 1079 vigili
555 1008 745 1080 perspexerat
767 999 867 1061 omnia
888 1019 969 1077 eura,

132 1087 163 1148 in
185 1085 313 1147 medium
337 1084 474 1147 discenda
495 1084 583 1147 dabat
603 1092 767 1164 coetusque
788 1083 928 1147 silentum

131 1171 267 1252 dietaque
288 1171 447 1232 mirantum
468 1170 568 1250 magni
591 1169 751 1250 primordia
772 1170 876 1232 mundi

132 1267 161 1318 et
183 1275 280 1318 rerum
303 1273 406 1317 causas
427 1264 467 1326 et,
490 1256 559 1337 quid
582 1263 699 1329 natura,
724 1254 857 1330 docebat,

132 1341 203 1422 quid
225 1342 307 1411 deus,
330 1339 409 1402 unde
431 1339 522 1413 nives,
545 1357 620 1419 quae
641 1338 775 1401 fulminis
796 1351 872 1402 esset
894 1343 988 1421 origo,

131 1426 270 1507 luppiter
285 1444 323 1486 an
346 1423 425 1486 venti
447 1424 578 1484 discussa
601 1422 680 1485 nube
705 1432 854 1498 torrerent,

132 1511 202 1591 quid
224 1519 358 1590 quateret
379 1517 480 1580 terras,
502 1525 560 1587 qua
582 1506 678 1568 sidera
699 1505 765 1586 lege
786 1520 929 1583 mearent,

128 1605 162 1658 et
184 1596 392 1675 quodcumque
413 1591 491 1653 latet.
535 1591 708 1673 primusque
729 1592 866 1656 animalia
887 1595 997 1657 mensis

132 1679 227 1758 arguit
248 1679 364 1758 inponi,
388 1676 501 1757 primus
521 1695 641 1759 quoque
664 1676 769 1740 talibus
792 1697 843 1740 ora

132 1765 217 1825 docta
240 1763 359 1843 quidem
380 1761 476 1838 solvit,
499 1763 551 1824 sed
572 1781 635 1824 non
658 1772 687 1824 et
707 1763 827 1837 credita,
848 1763 962 1827 verbis:

129 1841 262 1928 ‘parcite
285 1847 432 1920 mortales,
454 1847 579 1928 dapibus
599 1856 744 1910 temerare
765 1849 901 1911 notandis

132 1933 272 2013 corporat
295 1941 366 1994 sunt
387 1932 498 2010 fruges,
520 1941 592 1993 sunt
611 1932 786 1994 deducentia
806 1951 906 1995 mmos

131 2018 263 2098 pondere
285 2035 372 2097 poma
394 2034 448 2076 suo
473 2015 658 2097 tumidaeque
680 2016 712 2076 in
733 2016 841 2079 ritibus
862 2036 947 2090 urae,

132 2112 201 2164 sunt
222 2100 331 2163 herbae
352 2100 462 2175 dulces,
485 2110 555 2162 sunt
577 2118 653 2181 quae
674 2100 829 2164 mitescere
850 2102 967 2166 bamma

133 2185 300 2267 mollirique
322 2195 441 2266 queant.
485 2204 541 2247 neo
562 2185 646 2247 vobis
667 2184 781 2248 lacteus
801 2206 888 2250 umor

133 2271 264 2351 eripitur,
287 2289 343 2332 nee
365 2270 450 2331 mella
473 2270 566 2350 thymi
586 2268 749 2333 redolentia
771 2272 853 2335 flore.

134 2357 255 2436 prodiga
278 2355 392 2417 divitias
414 2354 612 2435 alimentaque
633 2355 714 2417 mitia
736 2356 823 2419 tellus

127 2441 264 2519 ‚suggerit
285 2450 375 2519 atque
397 2438 498 2519 epulas
519 2440 583 2501 sine
605 2440 694 2501 caede
717 2450 746 2502 et
767 2443 912 2520 sanguine
933 2441 1063 2524 praebet.

133 2543 221 2586 earne
243 2525 322 2586 torae
343 2524 446 2586 sedant
466 2523 585 2598 ieiunia,
608 2542 665 2586 nee
687 2533 785 2586 tamma
808 2544 922 2589 omnes.

134 2609 244 2690 quippe
265 2628 359 2690 equus
381 2618 408 2670 et
433 2609 561 2688 pecudes
581 2618 773 2691 armentaque
795 2612 927 2688 gramine
949 2611 1058 2674 vivunt.

133 2706 162 2756 at
184 2695 291 2774 quibus
313 2694 465 2773 ingenium
488 2704 532 2755 est
553 2694 832 2776 inmansuetumque
853 2697 1018 2777 serumque,

135 2780 290 2841 Armeniae
312 2780 404 2858 tigres
426 2778 618 2859 iracundique
638 2778 741 2842 leones

134 2882 261 2944 eumque
282 2863 361 2944 lupis
383 2864 454 2936 ursi,
477 2863 603 2944 dapibus
624 2883 692 2927 eum
714 2867 859 2944 sanguine
880 2867 1019 2945 gaudem.

134 2949 192 3009 beu
215 2959 357 3028 quantum
379 2948 475 3009 scelus
497 2950 594 3010 estin
616 2950 728 3011 viscera
750 2951 860 3013 viscera
883 2952 971 3012 condi

134 3043 334 3113 congestoque
355 3033 470 3095 avidum
493 3033 688 3112 pinguescere
711 3052 837 3117 corpore
860 3054 970 3116 corpus

133 3118 313 3198 alteriusque
334 3118 512 3180 animantem
532 3118 691 3181 animantis
711 3120 808 3182 vivere
828 3120 902 3182 letol

134 3203 246 3264 scilieet
268 3205 298 3264 in
321 3203 410 3263 tantis
432 3203 550 3283 opibus,
573 3223 645 3284 quas
667 3204 776 3285 optima
798 3216 924 3268 matrum

135 3298 211 3348 terra
234 3298 323 3360 creat,
346 3286 388 3348 nil
410 3298 439 3347 te
462 3288 518 3349 nisi
542 3287 634 3350 tristia
656 3290 795 3352 mandere
817 3309 901 3351 saevo

134 3372 255 3434 mtnera
276 3373 364 3434 dente
387 3371 466 3435 iuvat
488 3373 638 3453 rictusque
660 3374 771 3436 relerre
793 3373 977 3457 Cyclopum?

137 3475 201 3531 neo,
224 3457 280 3518 nisi
303 3456 464 3537 perdideris
486 3456 586 3532 alium,
608 3457 723 3539 placare
746 3461 859 3522 voracis

203 3626 235 3676 et
253 3623 323 3687 licet]
341 3623 460 3676 animab
522 3631 667 3677 remotusa
736 3630 768 3681 65
787 3626 987 3694 prospexeratb
1056 3629 1089 3680 86
1106 3625 1206 3679 discen

135 3690 211 3743 dabat
229 3691 389 3760 coetuqueb
442 3694 475 3744 ta
492 3692 574 3745 arcuit
586 3696 655 3746 cont.
667 3695 779 3764 Bentley
830 3696 944 3762 quoque]
958 3709 1015 3746 cum
1028 3698 1096 3746 coni.
1110 3692 1206 3746 llos-le.¹

136 3763 167 3812 tt
185 3760 280 3811 suosb
343 3762 377 3812 st
395 3760 491 3816 tiores
554 3761 643 3813 dorem
661 3762 750 3815 Ham.
812 3765 846 3816 82
865 3761 980 3830 praebet]
999 3761 1109 3814 traditb
1173 3765 1205 3817 86

134 3828 319 3895 Armeniaeque
337 3829 426 3879 llatns.
495 3830 528 3882 88
546 3829 572 3881 in
590 3830 688 3884 viscere
707 3832 722 3883 b
792 3833 824 3884 ot
843 3830 946 3883 creatb
1013 3830 1109 3898 paritr
1172 3833 1205 3883 93

135 3895 264 3963 rictusque
282 3916 296 3952 ς
347 3897 463 3964 ritusque
480 3897 555 3950 editt.
573 3901 635 3950 vett.
