2692 4230
135 101 177 159 74
599 112 748 165 ΜΕΤΑΜΜ.
928 126 1046 165 ernanus
1063 127 1095 165 nn
1112 129 1201 167 anison

135 277 204 339 dum
226 280 302 343 redit
324 281 355 343 in
377 282 473 357 silvas,
495 283 629 343 inventos
650 281 724 341 sonte
745 283 809 345 sine
830 285 893 366 ipsa

135 381 186 425 ore
209 375 363 428 cruentato
385 376 490 429 tenues
509 364 626 426 laniavit
647 364 778 425 amictus.

134 449 228 511 serius
251 469 387 530 egressus
407 448 528 527 uestigia
550 447 620 509 vidit
640 448 671 509 in
692 447 752 509 alto

133 533 253 615 pulvere
275 545 354 598 certa
376 535 454 596 ierac
476 541 598 612 totoque
619 531 757 613 expalluit
779 551 829 594 ore

134 617 291 699 Pyramus3
315 630 349 682 ut
370 636 438 679 vero
461 626 570 678 restem
593 635 710 698 quoque
731 618 874 696 sanguine
897 622 1018 684 tinctam

133 704 274 785 repperit,
297 721 376 781 „una
398 702 492 763 duos“
514 701 612 781 inquit
633 719 712 777 „non
733 702 835 781 perdet
856 717 1003 769 amantes:

134 807 150 848 e
173 789 281 869 quibus
302 788 351 849 illa
375 786 430 847 luit
450 785 538 862 longa
561 785 727 864 dignissima
748 785 814 858 vita,

133 884 233 934 nostra
255 890 367 934 nocens
389 871 486 930 anima
508 879 560 930 est.
604 888 658 949 ego
681 879 719 942 te,
740 869 912 946 miseranda,
937 876 1058 954 peremi,
1159 882 1201 935 11⁰

133 958 164 1018 in
187 957 251 1018 loca
274 955 360 1036 plena
383 963 479 1016 metus
500 954 550 1034 qui
572 954 643 1016 iussi
664 964 750 1015 nocte
773 953 896 1027 venires,

134 1060 190 1103 nec
211 1041 293 1120 prior
312 1040 371 1100 huc
392 1039 468 1100 veni.
491 1051 624 1101 nostrum
644 1039 769 1101 divellite
791 1057 900 1120 corpus

132 1139 162 1187 et
183 1124 323 1186 scelerata
343 1124 406 1185 lero
428 1125 593 1187 consumite
613 1125 720 1187 viscera
742 1143 852 1198 morsu,

133 1228 151 1270 o
174 1208 354 1289 quicumque
375 1208 430 1271 sub
453 1210 508 1272 hac
528 1210 665 1274 habitatis
685 1230 769 1292 rupe,
792 1210 902 1271 leones.

132 1293 183 1354 scd
206 1293 301 1354 timidi
323 1304 368 1357 est
389 1306 491 1377 optare
512 1290 651 1359 necem“.'
666 1297 807 1358 velamina
828 1293 953 1357 Thisbes
1158 1306 1200 1358 11⁵

131 1376 208 1439 tollit
229 1389 259 1439 et
280 1379 316 1441 ad
338 1391 439 1461 pactae
461 1401 560 1443 secum
583 1382 640 1444 lert
660 1382 773 1444 arboris
793 1380 944 1454 umbram;

131 1472 223 1543 ulque
244 1464 325 1526 dedit
346 1476 433 1528 notae
455 1466 597 1541 lacrimas,
619 1466 699 1528 dedit
720 1467 819 1527 oscula
840 1465 923 1536 resti,

133 1549 253 1629 „accipe
276 1554 377 1612 nunc“
400 1552 498 1632 inquit
520 1553 633 1628 „nostri
655 1569 773 1632 quoque
793 1551 945 1630 sanguinis
967 1549 1126 1613 haustusl“

132 1652 251 1714 quoque
273 1644 336 1696 erat
356 1636 516 1708 accinctus,
537 1636 653 1697 demisit
673 1636 704 1696 in
726 1635 773 1696 ilia
795 1637 916 1707 ferrum,

132 1737 188 1780 nec
209 1737 302 1794 mora,
325 1720 448 1780 ferienti
469 1719 599 1781 moriens
620 1738 636 1779 e
658 1718 776 1780 vulnere
799 1720 895 1780 traxit.
1157 1728 1200 1779 121)

130 1812 162 1864 ut
185 1803 274 1864 iacuit
295 1804 454 1884 resupinus
475 1805 576 1875 humo,
599 1821 687 1864 cruor
707 1803 810 1863 emicat
831 1803 898 1876 alte,

130 1907 192 1949 non
214 1887 309 1962 aliter,
331 1906 418 1967 quam
440 1906 509 1948 cum
530 1888 628 1948 vitiato
650 1886 745 1948 fistula
767 1886 888 1966 plumbo

130 1971 275 2032 scinditur
297 1982 326 2033 et
347 1973 428 2034 tenui
451 1972 591 2033 stridente
613 1971 754 2033 foramine
775 1971 878 2049 longas

131 2056 291 2118 eiaculatur
311 2075 402 2136 aquas
423 2067 511 2138 atque
532 2057 639 2118 ictibus
661 2067 725 2119 aera
747 2056 864 2136 rumpit.

130 2141 244 2202 arborei
267 2143 343 2204 letus
365 2142 540 2224 adspergine
554 2143 650 2203 caedis
670 2142 701 2203 in
722 2150 813 2203 atram

128 2236 281 2287 vertuntur
304 2228 417 2301 faciem,
440 2229 657 2308 madefactaque
678 2226 820 2306 sanguine
842 2225 922 2287 radix

130 2330 281 2392 purpureo
304 2312 412 2390 tinguit
433 2312 589 2392 pendentia
612 2330 692 2373 mora
714 2311 820 2372 colore.

130 2414 198 2456 ecce
220 2406 299 2457 metu
317 2398 447 2457 nondum
470 2397 577 2478 posito,
599 2415 637 2457 ne
658 2395 736 2457 lallat
757 2405 913 2467 amantem,

129 2480 178 2541 illa
201 2481 276 2543 redit
299 2481 493 2562 iuvenemque
508 2482 602 2543 oculis
622 2482 778 2561 animoque
799 2480 932 2559 requirit,

129 2575 297 2646 quantaque
317 2567 413 2627 vitarit
429 2585 547 2628 narrare
568 2565 697 2647 pericula
718 2566 812 2645 gestit.

128 2659 221 2732 utque
242 2650 340 2713 locum
363 2661 390 2712 et
413 2653 471 2713 visa
494 2652 645 2731 cognoscit
666 2652 696 2712 in
717 2651 820 2711 arbore
835 2650 969 2722 sormam,

129 2736 172 2796 sic
187 2735 255 2797 lacit
275 2736 417 2797 incertam
441 2737 521 2817 pomi
543 2736 640 2798 color:
663 2737 770 2810 haeret,
791 2754 828 2796 an
851 2736 924 2795 haec
945 2736 992 2796 sit.

129 2821 199 2882 dum
220 2820 345 2895 dubitat,
360 2822 550 2883 tremebunda
571 2821 650 2882 videt
670 2821 787 2902 pulsare
807 2830 962 2881 cruentum

129 2905 259 2966 membra
274 2906 370 2966 solum
392 2916 531 2987 retroque
546 2907 649 2987 pedem
672 2905 746 2978 tulit,
769 2923 878 2985 oraque
900 2904 979 2966 buxo

128 2991 280 3071 pallidiora
303 3010 409 3069 gerens
425 2993 575 3053 exhorruit
595 2991 731 3071 aequoris
751 2990 852 3064 instar,

129 3076 206 3155 quod
230 3076 337 3149 fremit,
360 3078 463 3154 exigna
486 3096 552 3137 cum
574 3093 719 3137 summum
742 3074 895 3152 stringitur
915 3092 995 3135 aura.

128 3161 178 3222 sed
195 3170 350 3241 postquam
375 3172 517 3222 remorata
539 3179 609 3222 suos
630 3160 766 3240 cognovit
786 3176 911 3233 amores,

128 3245 256 3326 percutit
277 3246 415 3324 indignos
437 3246 516 3307 claro
539 3246 678 3326 plangore
699 3244 832 3316 lacertos,

128 3373 332 3382 ——.

198 3432 244 3482 103
264 3428 338 3480 illan
409 3432 457 3481 109
480 3431 505 3492 e]
529 3424 594 3480 ex).
663 3431 710 3481 113
734 3431 762 3478 ia
779 3442 864 3493 marg.
882 3425 922 3478 Μ’
971 3428 1068 3490 morsu]
1086 3422 1197 3478 dente).

131 3495 342 3550 115tnisneltl¹
377 3496 610 3562 (lodd.m.rec.)
664 3500 709 3548 111
729 3502 803 3548 nolae
821 3498 847 3557 (o
864 3500 1005 3547 cnam.
1024 3492 1091 3557 call
1147 3497 1195 3548 119

128 3564 255 3620 dimisit:
310 3568 353 3617 121
375 3563 413 3633 ul]
432 3571 488 3617 eta
542 3567 588 3618 122
607 3579 656 3631 qun
674 3561 707 3615 λ’
762 3566 807 3616 121
826 3563 934 3630 puniceo
951 3563 1041 3635 Heius.
1087 3557 1197 3615 tinxit).

129 3719 177 3770 128
195 3731 245 3780 nep
263 3715 289 3767 ll
353 3719 396 3769 131
417 3716 533 3771 risanae
583 3711 738 3781 cognoriti
798 3718 846 3768 132
863 3654 961 3768 oraio
1024 3717 1072 3768 133
1090 3713 1196 3778 dum(‹l

125 3783 234 3848 nulli
290 3787 336 3838 134
354 3780 506 3851 telrcquei
559 3787 605 3837 133
623 3782 879 3848 inmarg.c'.r.lll⁸
932 3785 980 3837 136
997 3783 1070 3834 sicil
1110 3783 1196 3836 tremit

128 3869 164 3904 eor
181 3869 197 3904 x
215 3852 290 3904 codd.
308 3853 446 3903 Burmann
501 3854 548 3906 138
566 3847 717 3918 claroquel
