2692 4230
129 134 195 171 trou
376 177 378 181 Α
563 116 604 182 Vl,
622 118 765 172 teo-356.

130 291 253 355 iusserat
275 293 344 354 inde
366 291 454 351 hoves
475 287 629 369 gentisque
652 289 730 351 illius
752 291 833 353 eunti

130 376 195 458 ipse
215 378 320 440 ducem
342 375 469 437 dederat.
512 391 579 434 cum
602 394 660 455 quo
682 376 753 438 dum
774 393 883 458 pascua
908 372 1014 446 lustro,

130 481 199 526 ecce
220 464 285 525 lacu
308 458 405 521 medio
427 475 576 520 sacrorum
599 461 681 540 nigra
704 461 799 522 larilla

129 566 180 610 ara
201 558 285 608 retus
306 541 409 614 stabat,
431 544 563 606 tremulis
585 545 760 607 circumdata
783 545 895 607 cannis.
953 579 957 588 ·

130 633 237 694 restitit
259 639 288 690 et
310 627 413 708 parido
433 618 540 692 ‘lateas
561 625 640 690 mibi'
665 647 815 691 murmure
836 631 908 693 dixit

129 717 188 779 dur
210 730 310 788 meus;
333 721 363 773 et
384 712 471 775 simili
490 707 606 776 ‘lateas'
631 732 686 792 ego
709 732 860 776 murmure
882 715 951 777 dixi.

131 801 268 864 naiadum
290 796 424 859 Faunine
444 800 521 860 foret
542 810 639 860 tamen
661 817 710 858 ara
732 799 872 877 rogabam

129 884 321 962 indigenaeve
344 883 400 958 dei,
423 903 489 946 cunr
511 883 579 945 talia
600 881 713 943 rettulit
735 884 858 963 hospes:

131 986 213 1045 „non
236 967 301 1044 bac,
324 986 342 1029 o
364 969 487 1044 iuvenis,
509 978 682 1029 montanum
705 986 815 1028 numen
838 969 869 1029 in
891 986 941 1031 ara
964 979 1025 1031 estc

131 1053 179 1115 illa
201 1071 284 1115 suam
304 1064 389 1115 vocat
409 1054 496 1127 hanc,
519 1053 566 1114 cui
588 1053 735 1132 quondam
758 1053 838 1132 regia
861 1055 992 1116 coniunx

131 1137 232 1199 orbem
254 1139 414 1212 interdixit,
436 1156 522 1218 quarn
545 1137 591 1198 vix
615 1138 736 1199 erratica
758 1137 847 1200 Delos

131 1235 264 1286 orantem
286 1224 409 1304 accepit,
433 1232 496 1283 turn
518 1241 586 1284 omn
608 1222 680 1285 levis
701 1221 796 1284 insula
819 1222 916 1285 nabat.

130 1307 192 1370 illic
212 1308 388 1371 incumbens
410 1325 477 1369 cum
499 1306 623 1369 Palladis
644 1309 748 1369 arbore
770 1308 885 1389 palmae

131 1393 221 1455 edidit
242 1394 331 1455 inrita
352 1392 486 1471 geminos
508 1392 620 1455 Latona
643 1412 777 1454 noverca.

130 1478 202 1541 hinc
225 1496 343 1560 quoque
365 1475 509 1538 lunonem
532 1478 641 1557 fugisse
663 1496 809 1559 puerpera
830 1479 925 1539 lertur

130 1564 223 1644 inque
244 1581 299 1624 suo
321 1572 453 1642 portasse
475 1563 553 1637 sinu,
575 1564 634 1624 duo
658 1563 787 1637 numina,
811 1571 906 1624 natos.

131 1647 248 1728 iamque
270 1645 505 1724 Chimaeriferae,
530 1667 598 1709 cum
620 1647 666 1708 sol
688 1649 783 1728 gravis
803 1659 901 1710 ureret
923 1665 1001 1719 arra,

131 1733 241 1794 linibus
262 1732 293 1793 in
316 1731 421 1812 Lyciae
443 1733 533 1813 longo
554 1735 607 1794 dea
630 1734 704 1794 lessa
727 1733 827 1794 lahore

131 1816 245 1879 sidereo
268 1816 374 1878 siccata
395 1817 473 1878 sitim
496 1817 615 1897 collegit
636 1818 671 1878 ab
693 1828 786 1890 aestu,

130 1903 280 1982 uberaque
302 1900 455 1964 ebiberant
475 1903 550 1964 avidi
573 1902 707 1965 lactantia
729 1903 799 1966 nati.

131 1987 206 2048 iorte
227 1985 324 2048 lacum
345 1986 502 2049 mediocris
522 2007 615 2068 aquae
637 1989 790 2069 prospexit
811 1989 841 2050 in
866 1988 932 2050 imis

131 2071 270 2146 uallibus3
292 2082 423 2151 agrestes
445 2072 505 2134 illic
527 2074 666 2135 lruticosa
687 2072 822 2151 legebant

130 2157 238 2218 vimina
262 2175 329 2218 cum
352 2157 447 2218 iuncis
468 2168 639 2238 gratamque
660 2158 816 2239 paludibus
837 2157 944 2220 ultam.

47 2309 50 2316 ,
130 2241 255 2304 accessit
276 2241 433 2322 positoque
454 2260 533 2321 genu
555 2241 669 2305 Titania
691 2253 798 2306 terram

132 2327 248 2407 pressit,
271 2338 305 2388 ut
326 2327 457 2389 hauriret
479 2327 590 2407 gelidos
612 2339 716 2409 potura
739 2329 879 2409 liquores.

131 2411 239 2473 rustica
262 2410 347 2473 turha
369 2420 453 2473 vetat.
497 2414 551 2474 dea
572 2414 615 2476 sic
635 2415 728 2477 adlata
751 2423 897 2476 vetantes:

132 2496 222 2577 „quid
245 2497 408 2576 prohibetis
427 2495 534 2577 aquis?
555 2518 627 2561 usus
648 2499 813 2561 communis
835 2515 978 2578 aquarum
1001 2507 1054 2558 est.

131 2600 187 2642 nec
208 2581 301 2642 solem
323 2582 476 2662 proprium
500 2593 603 2646 natura
626 2602 681 2645 nec
700 2593 768 2645 aera
790 2583 860 2645 lecit

40 2707 43 2712 -
132 2685 188 2728 nec
209 2677 315 2727 tenues
336 2667 445 2728 undas:
467 2670 503 2729 ad
526 2668 643 2748 publica
664 2688 786 2730 munera
809 2668 886 2730 reni.

132 2771 207 2831 quae
228 2761 327 2813 tamen
350 2762 383 2812 ut
404 2753 489 2826 detis,
510 2754 633 2835 supplex
656 2765 748 2839 peto⁸¹
779 2772 840 2815 non
864 2770 919 2832 ego
943 2762 1061 2813 nostros

132 2835 254 2898 abluere
275 2837 324 2898 hic
346 2846 426 2899 artus
448 2837 610 2918 lassataque
631 2839 760 2901 membra
783 2838 932 2920 parabam,

133 2923 183 2982 sed
206 2920 335 2983 relevare
358 2922 447 2983 sitim.
490 2933 569 2984 caret
591 2942 624 2985 os
646 2943 749 2986 umore
771 2923 921 3005 loquentis

133 3017 162 3066 et
184 3008 283 3067 lauces
305 3019 398 3081 arent,
419 3008 526 3088 vixque
547 3019 591 3070 est
613 3010 655 3070 via
678 3009 758 3070 vocis
779 3010 809 3071 in
832 3008 900 3070 illis.
1165 3015 1208 3064 355

132 3093 255 3153 haustus
276 3111 368 3171 aquae
390 3092 461 3155 mihi
485 3106 584 3155 nectar
605 3095 670 3168 erit,
692 3095 837 3175 uitamque
860 3094 974 3156 latehor

202 3261 251 3312 323
265 3259 418 3327 genlltisque
436 3258 461 3310 hl
514 3264 562 3314 327
582 3259 708 3329 paridol
760 3262 876 3329 pauloel
930 3261 1049 3314 lacense
1102 3260 1152 3310 328
1171 3259 1205 3320 et]

134 3327 154 3377 it
172 3325 197 3377 bt
250 3331 308 3393 ego]
327 3328 434 3379 mi'ohie
494 3332 544 3383 330
563 3329 778 3398 indigenacqnee
831 3327 920 3382 tum),
982 3330 1032 3382 333
1050 3327 1112 3379 orbe
1131 3325 1207 3377 codd.

133 3461 269 3527 llhugert't'
321 3395 542 3518 33413ῗτῐαθιῗιειιιε
594 3468 643 3518 333
661 3467 729 3546 spol]
746 3484 772 3535 p.
791 3465 873 3532 sinuli]
881 3465 907 3517 Μ
954 3481 1016 3517 suos
1035 3481 1059 3532 p.
1079 3463 1149 3514 sinus
1168 3460 1207 3513 Bt

132 3599 200 3660 (sinu
220 3597 267 3680 132)ι
315 3601 362 3652 341
382 3598 532 3669 concupiti
574 3532 725 3669 Ῐοὲιῖιοξξιιῖῑε
782 3604 830 3656 341
850 3551 940 3671 plutima
958 3601 997 3654 lll¹
1049 3602 1099 3654 348
1117 3604 1207 3650 uetant

133 3732 194 3796 {Bt}
217 3737 252 3786 οἱ.
274 3735 361 3787 Helm.
430 3739 479 3790 349
502 3735 619 3806 aquasl
687 3669 798 3806 aqtlrlse
867 3742 917 3792 350
939 3755 998 3792 uera
1021 3759 1056 3792 ax
1079 3750 1138 3794 arca
1163 3742 1208 3794 lll²

134 3871 181 3922 331
206 3873 235 3920 iu
253 3886 340 3937 marg.
358 3871 402 3923 Μ’
471 3876 519 3927 332
545 3832 607 3941 pito
623 3873 648 3925 hl
718 3877 768 3928 354
793 3875 922 3942 loquentis
944 3875 963 3939 (i
982 3890 1018 3931 ex
1035 3893 1050 3931 e
1067 3893 1101 3931 m.
1119 3878 1146 3945 2)
1165 3883 1191 3935 hl
