2692 4230
136 140 221 176 menen
584 126 635 192 vu,
652 129 760 179 ar-ut.
1151 129 1212 188 139

137 315 219 361 nunc
240 301 362 363 sorbere
383 299 501 370 fretum,
524 315 606 358 nuuc
627 297 759 374 reddere,
780 299 937 380 cinctaque
959 301 1052 362 saevis

136 383 232 465 Scylla
254 404 345 467 rapax
365 380 489 443 canibus
512 381 611 444 Siculo
633 384 739 446 latrare
760 381 934 466 profundo?
1183 397 1213 447 65

136 487 245 552 nempe
265 480 383 539 tenens,
405 467 485 545 quod
507 486 583 544 amo,
605 470 777 548 gremioque
798 471 830 531 in
851 466 966 531 Iasonis
989 470 1115 533 haerens

136 573 191 634 per
211 556 285 617 treta
306 552 396 632 longa
418 550 510 613 sorar:
534 553 606 615 nihil
627 552 710 614 ilium
731 555 865 634 amplexa
889 552 1021 629 verebor,

134 649 194 713 aut,
217 639 314 719 siquid
336 645 476 713 metuam,
497 649 624 701 metuam
647 638 684 699 dc
706 637 834 716 coniuge
856 640 930 701 solo.
953 673 997 685 -

135 724 350 802 coniugiumue
371 730 458 802 putas
479 724 669 804 speciosaque
692 722 811 783 nomina
834 722 940 805 culpae

135 807 267 888 inponis,
290 805 400 880 Medea,
422 807 512 870 tuac‘t
533 808 604 888 quin
626 806 754 887 adspice,
778 816 921 887 quantum

134 890 307 970 aggrediare
329 892 422 968 nefas,
444 903 483 966 et,
505 893 574 954 dum
596 890 673 962 iicet,
696 891 792 970 effuge
814 883 946 953 crimen?

133 975 216 1048 dixit,
238 985 269 1036 et
288 985 358 1038 ante
380 977 484 1039 oculos
503 984 617 1038 rectum
639 975 789 1055 pietasque
812 977 969 1057 pudorque

134 1059 329 1122 constiterant
350 1070 380 1124 et
402 1063 476 1124 victa
498 1059 584 1121 dabat
604 1061 662 1121 iam
688 1056 768 1139 terga
794 1060 918 1142 Cupido.

218 1144 283 1208 ibat
303 1147 340 1208 ad
362 1146 499 1226 antiquas
520 1145 643 1207 Hecates
664 1145 818 1208 Perseidos
843 1165 918 1220 aras,

133 1247 207 1309 quas
229 1250 336 1292 nemus
357 1230 530 1292 umbrosum
553 1241 721 1311 secretaque
752 1231 823 1292 silva
838 1231 965 1311 tegebat.
1183 1245 1214 1295 75

132 1325 162 1376 et
184 1315 243 1377 iam
264 1315 349 1376 tortis
371 1325 443 1389 erat,
465 1316 628 1398 pulsusque
648 1325 808 1377 recesserat
829 1317 927 1391 ardor,
947 1328 949 1333 '

133 1418 202 1461 cum
224 1401 302 1461 ridet
324 1400 491 1462 Aesoniden
514 1402 698 1481 extinctaque
719 1400 835 1463 flamma
857 1401 975 1464 reluxit.

134 1484 281 1546 erubuere
302 1503 406 1563 genae,
428 1494 551 1565 totoque
572 1485 723 1546 recanduit
746 1504 807 1559 ore,

133 1580 225 1649 utque
247 1568 323 1630 solet
344 1569 439 1631 ventis
460 1569 597 1631 alimenta
618 1570 773 1631 adsumere
797 1589 932 1654 quaeque

132 1671 220 1734 parva
241 1654 297 1714 sub
320 1653 439 1717 inducta
461 1654 546 1716 latuit
567 1655 692 1716 scintilla
712 1655 808 1717 favilla

132 1756 267 1799 crescere
290 1749 319 1800 et
340 1739 371 1800 in
393 1748 505 1801 veteres
526 1739 632 1820 agitata
654 1758 807 1819 resurgere
829 1742 916 1816 vires,

132 1823 175 1883 sic
197 1823 255 1884 iam
277 1822 376 1885 lentus
398 1842 490 1899 amor,
512 1825 569 1885 iam
592 1843 679 1906 quem
700 1825 842 1904 languore
863 1836 996 1908 putares,
1075 1841 1077 1845 ·

133 1916 166 1968 ut
186 1908 256 1970 vidit
279 1909 426 1984 iuvenem,
448 1910 546 1992 specie
568 1910 730 1991 praesentis
752 1911 865 1973 inarsit.

131 2002 161 2053 ct
182 2011 253 2054 casu
276 1994 364 2055 solito
387 1995 544 2056 formosior
565 2000 681 2056 Aesone
706 2005 794 2057 natus

131 2077 180 2138 illa
202 2077 270 2140 luce
292 2079 363 2140 suit:
388 2098 491 2160 posses
512 2079 667 2159 ignoscere
687 2081 807 2143 amanti.

129 2171 245 2242 spectat
266 2173 295 2225 et
316 2164 348 2225 in
370 2164 452 2227 vultu
473 2164 561 2226 veluti
586 2174 647 2226 turn
670 2165 797 2246 denique
819 2165 880 2226 riso

131 2246 243 2309 lumina
266 2250 322 2310 sua
345 2257 436 2324 tenet,
459 2268 514 2312 nec
535 2268 568 2311 so
588 2250 721 2312 mortalia
742 2251 865 2312 demens

131 2351 183 2394 ora
204 2334 304 2395 videre
327 2344 420 2416 putat,
444 2353 499 2396 nec
520 2353 552 2396 se
574 2335 700 2396 declinat
724 2335 760 2396 ab
786 2334 847 2397 ilio.

132 2426 165 2478 ut
186 2437 256 2480 vcro
280 2421 438 2500 coepitque
460 2420 541 2500 loqui
563 2420 932 2501 dextramque'prehendit

131 2502 242 2584 hospes
264 2513 294 2564 et
315 2505 456 2568 auxilium
479 2503 622 2567 submissa
642 2524 713 2566 voce
736 2505 848 2584 rogavit

127 2589 327 2690 promisitque
347 2600 456 2664 torum,
479 2590 605 2652 lacrimis
627 2590 668 2652 ait
693 2590 742 2652 iila
765 2589 911 2670 profusis:

141 2674 211 2752 quid
235 2675 349 2750 faciam,
371 2675 471 2737 video:
494 2694 551 2736 nec
572 2693 620 2736 me
641 2675 808 2755 ignorantia
833 2675 895 2735 reri

130 2758 267 2839 decipiet,
291 2760 342 2821 sed
364 2779 456 2821 amor.
500 2759 652 2821 servabere
673 2778 798 2821 munere
823 2767 945 2821 nostro:

130 2853 261 2905 servatus
282 2845 427 2925 promissa
450 2839 537 2907 dato?
582 2864 635 2925 per
656 2864 738 2907 sacra
762 2845 905 2906 triformis

131 2926 180 2988 ilie
203 2929 284 3003 deae,
307 2929 434 3010 lucoque
457 2931 532 2991 toret
554 2931 632 3009 quod
655 2949 765 2991 numen
788 2929 818 2990 in
842 2930 904 3002 illo,

132 3030 245 3093 perque
268 3024 382 3094 patrem
398 3015 492 3076 soceri
515 3025 684 3076 cernentem
707 3028 812 3076 cuncta
835 3015 930 3077 futuri

131 3109 314 3178 eventusque
336 3118 406 3161 suos
429 3111 458 3162 et
480 3109 559 3162 tanta
582 3101 712 3180 pericula
736 3101 820 3162 iurat.

197 3321 229 3370 65
257 3333 337 3383 capax
366 3314 381 3367 i
467 3321 499 3371 ot
526 3319 638 3370 rerebnr
664 3318 689 3369 Μ
776 3319 873 3370 timebo
900 3336 915 3374 ς
1002 3320 1036 3370 69
1066 3333 1098 3369 ne
1125 3322 1151 3368 ct
1181 3333 1210 3369 ec

129 3387 148 3434 r'.
176 3402 199 3435 r.
229 3403 245 3435 o
275 3402 309 3436 m.
338 3387 357 3438 3
383 3384 409 3436 Μ
495 3403 572 3438 rocas
598 3389 685 3438 Heius.
773 3392 806 3440 ‘rt
833 3386 985 3451 haeciiliates
1015 3384 1041 3436 M
1129 3386 1208 3450 Pers]

129 3453 224 3519 qtecias
250 3451 265 3504 λ
352 3457 385 3507 76
413 3454 482 3518 sort]
504 3455 600 3507 fractus
622 3459 639 3506 i.
657 3472 711 3507 rae
797 3453 928 3507 resederat
952 3455 984 3518 A,
1009 3469 1080 3505 corr.
1107 3454 1209 3506 Merkel

130 3607 216 3657 ts-et
235 3607 382 3663 rubuerer
468 3611 501 3661 80
526 3609 608 3676 patuit
630 3608 655 3660 Μ
724 3605 859 3660 sintillai.
947 3609 979 3660 82
1008 3607 1095 3659 lentus
1119 3608 1209 3659 Idcirco.

130 3671 195 3722 lenis
217 3675 240 3724 Α
264 3678 291 3738 (n
315 3680 344 3726 tn
369 3693 382 3725 ε
406 3679 425 3727 i.
444 3681 477 3740 r.)
562 3680 595 3730 84
618 3677 741 3733 subiace
827 3679 915 3729 85ιή
938 3691 1027 3740 marg.
1049 3674 1074 3726 Μ
1102 3692 1118 3725 o
1140 3678 1210 3728 aad

129 3744 186 3790 cte
208 3759 250 3807 pr.
268 3759 326 3794 oar.
344 3745 420 3795 tect:
443 3743 568 3812 lignosci
588 3745 668 3812 possit
729 3747 762 3798 89
785 3748 864 3812 utque
885 3741 984 3797 riroi
1036 3744 1148 3811 coepitq;
1172 3747 1208 3811 tq:

128 3807 190 3859 add.
214 3826 248 3862 m.
268 3811 296 3871 3t
322 3809 348 3861 M
418 3811 621 3880 deprehenditi
689 3816 719 3866 at
749 3813 904 3880 depmttsitq:
932 3818 1012 3875 (eros.
1038 3813 1056 3878 i)
1080 3811 1105 3864 Μ
1176 3816 1208 3865 95

128 3875 213 3943 lucoq:
232 3894 267 3928 em
284 3878 369 3946 locuq:
388 3879 413 3931 Μ
