2692 4230
93 102 155 166 136
553 108 705 163 1111211111.

91 279 119 341 vi
140 281 214 343 treta
236 280 376 343 concutio
399 280 569 358 nodosaque
589 276 694 338 robora
716 289 797 341 verto

90 365 259 446 induroque
280 367 363 427 uires
384 373 415 426 et
436 371 529 424 terras
553 360 695 439 grandine
715 363 811 441 pulso.

54 453 58 460 '
91 451 169 513 idem
192 469 246 530 ego
267 468 335 512 cum
358 450 462 510 tratres
483 443 563 506 caelo
584 463 650 506 sum
672 455 774 508 nactus
795 457 907 530 aperto,

91 554 159 598 nam
182 535 255 597 mibi
278 550 399 612 campus
420 531 446 592 is
468 536 521 605 est,
543 540 624 592 tanto
646 529 795 592 molimine
816 533 924 607 luctor,

90 632 125 681 ut
146 620 261 682 medius
284 615 393 680 nostris
416 614 609 677 concursibus
631 615 750 677 insonet
771 620 870 680 aether

94 705 287 784 exsiliantque
309 699 385 762 cavis
407 698 471 759 elisi
493 699 620 762 nubibus
640 700 732 780 ignes.

90 789 169 851 idem
191 806 256 867 ego,
280 803 348 846 oum
370 781 447 844 subii
472 801 600 847 convexa
622 784 764 848 foramina
784 792 879 845 terrae

89 873 295 954 supposuique
315 869 399 929 ferox
421 867 488 930 imis
509 888 573 932 mea
595 880 676 952 terga
697 868 838 940 cavernis,

89 957 216 1020 sollicito
238 971 341 1015 manes
361 959 519 1035 totumque
538 954 716 1018 tremoribus
741 951 851 1014 orbem.

89 1044 144 1105 hac
166 1058 224 1120 ope
245 1037 404 1099 debueram
426 1039 568 1103 tbalamos
589 1041 717 1122 petiisse,
739 1055 881 1116 socerque

90 1144 152 1187 non
175 1123 305 1184 orandus
327 1131 399 1198 erat,
417 1125 449 1186 -ri
470 1126 521 1187 sed
543 1126 694 1189 iaciendos
714 1112 914 1186 Erechtheus?

89 1211 163 1271 haec
184 1207 294 1269 Boreas
314 1217 367 1271 aut
387 1209 434 1270 his
457 1228 517 1270 non
540 1210 678 1271 interiora
700 1211 816 1272 locutus

89 1292 217 1354 excussit
237 1312 368 1374 pennas:
391 1311 516 1372 quarum
538 1294 690 1356 iactatibus
712 1295 808 1356 omnis

87 1376 191 1439 adflata
213 1387 258 1439 est
280 1378 367 1440 tellus
388 1377 539 1458 latumque
559 1379 729 1458 perhorruit
749 1397 868 1458 aequor.

87 1461 314 1544 pulvereumque
335 1464 455 1525 trahens
476 1481 530 1545 per
551 1480 662 1524 summa
683 1465 836 1524 cacumina
857 1461 964 1543 pallam

85 1546 176 1609 verrit
197 1548 321 1609 humum
343 1547 534 1628 pavidamque
555 1556 635 1609 metu
657 1546 781 1624 caligine
803 1556 898 1608 tectus

88 1630 240 1712 Orithyian
263 1650 364 1693 amans
385 1631 472 1692 fulvis
493 1631 679 1711 amplectitur
700 1630 762 1691 alis.

86 1717 157 1778 dum
179 1716 267 1789 volat,
288 1724 426 1776 arserunt
446 1714 545 1793 agitati
568 1717 672 1778 lortius
691 1716 783 1795 ignes.

86 1819 142 1863 uec
163 1800 247 1881 prius
268 1799 339 1860 aerii
362 1816 467 1860 cursus
489 1802 652 1879 suppressit
673 1802 810 1873 habenas,

86 1902 174 1964 mam
198 1883 341 1945 Ciconum
362 1882 459 1944 tenuit
479 1883 606 1964 populos
627 1897 656 1947 et
679 1886 795 1946 moenia
815 1895 926 1966 raptor.

85 1969 147 2030 illic
168 1978 198 2029 et
218 1968 307 2047 gelidi
329 1968 461 2029 coniunx
482 1972 587 2030 Acuca
609 1970 723 2048 tyranni

87 2061 115 2115 et
138 2053 271 2132 genetrix
293 2053 367 2114 iacta
389 2063 444 2125 est,
467 2063 567 2134 partus
592 2055 675 2115 enixa
700 2053 849 2133 gemellos,

87 2145 182 2200 cetera
205 2137 256 2217 qui
279 2138 391 2210 matris,
413 2157 526 2218 pennas
548 2139 687 2216 genitoris
710 2138 860 2200 baberent.

86 2241 147 2284 non
170 2230 267 2283 tamen
291 2223 343 2283 has
365 2240 425 2284 uua
446 2234 609 2285 memorant
631 2243 698 2284 oum
720 2241 844 2304 corpore
866 2231 957 2297 natas,

86 2307 235 2386 barbaque
257 2307 327 2367 dum
350 2307 446 2368 rutilis
467 2308 566 2369 aberat
587 2309 710 2370 subnixa
731 2308 852 2388 capillis,

86 2391 235 2472 inplumes
257 2392 410 2472 Calaisque
432 2411 506 2472 puer
527 2393 667 2474 Zetesque
689 2394 816 2454 luerunt.

86 2495 155 2538 mox
176 2476 286 2558 pariter
310 2495 426 2556 pennae
446 2477 505 2538 ritu
527 2496 651 2558 coepere
673 2478 823 2539 volucrum

84 2562 205 2641 cingere
227 2571 386 2642 utrumque
406 2561 493 2637 latus,
514 2563 623 2642 pariter
644 2564 797 2624 flavescere
818 2561 918 2623 malae.

85 2664 156 2725 ergo
178 2646 228 2709 ubi
252 2647 397 2708 concessit
419 2656 536 2727 tempus
557 2647 669 2728 puerile
690 2649 832 2722 iuventae,

84 2731 190 2793 vellera
211 2749 280 2793 cum
302 2731 409 2810 Minyis
432 2732 523 2793 nitido
545 2733 685 2795 radiantia
706 2733 773 2794 villo

83 2834 240 2897 permane
262 2834 322 2877 non
347 2825 450 2878 notum
471 2817 566 2898 prima
587 2819 698 2899 petiere
719 2818 826 2880 carina.

999 2965 1010 2998 a

152 3035 201 3086 692
219 3032 432 3100 induremque-
446 3031 578 3102 pulseml
645 3039 693 3090 695
715 3037 747 3089 eir
761 3036 875 3088 cursibus
893 2971 1039 3086 inqqqqqz
1100 3033 1149 3082 701

83 3100 129 3154 sed
145 3102 172 3152 vi
190 3102 281 3153 Heius.
327 3103 352 3152 ri
371 3103 417 3154 sed
435 3106 468 3155 ci.
484 3104 569 3155 Botlre
614 3105 674 3155 rnibi
693 3104 778 3157 sedA
831 3106 879 3156 702
897 3107 950 3166 aut]
970 3102 1005 3154 ait
1023 3099 1049 3151 bl
1100 3101 1151 3151 706

84 3253 161 3305 veniit
177 3254 305 3317 (alterum
323 3255 331 3306 i
350 3259 368 3306 ι’.
385 3259 422 3318 r.)
440 3253 466 3306 ltl
516 3253 626 3308 vertiti
670 3188 778 3308 ulerrtliia
828 3258 876 3308 707
894 3254 1013 3307 orithiam
1030 3253 1056 3304 lt
1099 3253 1153 3305 ori·

83 3354 188 3413 tbiaue
243 3359 293 3409 710
311 3334 426 3423 populos
441 3339 555 3408 te'nuill
615 3360 664 3411 712
681 3357 873 3424 ςεῌ111111111ηί1111
891 3356 916 3408 bl
980 3360 1030 3410 716
1048 3355 1152 3408 zethus-

82 3418 167 3490 qoel.
229 3430 300 3476 zetos
319 3440 383 3477 nes
452 3428 501 3478 720
519 3425 604 3477 miniis
620 3424 646 3476 bl
665 3427 694 3491 (ii
710 3430 730 3478 i.
745 3429 780 3487 r.)
847 3429 894 3478 721
916 3429 1014 3490 uotum]
1034 3418 1152 3476 tutuml.

81 3504 173 3542 rrcurr
191 3492 232 3543 nris
249 3441 321 3544 rubi
367 3507 446 3544 ovrnu
463 3508 565 3545 susosrs
583 3509 654 3544 uteru
671 3509 903 3546 mruuouuuossou
920 3508 1014 3545 snxrvs
1026 3506 1150 3545 nxrnrcrr.

81 3573 175 3611 rucrrrr
192 3575 315 3612 secururs
333 3576 441 3613 nrvsnsu
459 3557 475 3612 1.
526 3577 598 3613 uranu
616 3577 736 3615 seemuvs
754 3581 768 3613 e

521 3820 719 3828 ———-——-
