2692 4230
118 116 178 179 194

118 293 187 357 dum
210 304 299 373 tenet,
320 297 441 378 infregit
461 305 625 374 tnrnoaque
646 311 664 354 a
685 294 784 357 fronte
805 297 926 361 revellit.

116 379 217 443 naides
236 382 303 457 hoo,
324 381 421 463 pomis
442 387 472 440 et
493 377 585 438 odoro
606 376 682 437 flore
703 377 860 458 repletum,

118 476 278 541 sacrarunt,
299 466 438 544 divesque
458 478 524 522 meo
547 459 629 522 Bona
651 458 743 541 Copia
765 481 859 527 oornu
881 461 944 529 est'

116 549 236 623 dixerat
257 559 287 612 et
308 548 437 629 nymphe
457 544 516 606 ritu
538 544 688 607 auooinota
710 543 829 623 bbnae,

118 652 175 696 una
196 633 406 704 ministrarum,
428 627 502 690 lusis
523 628 672 711 utrimque
694 628 817 710 capillis,

117 718 237 781 incessit
259 727 410 794 totumque
431 712 499 775 tulit
518 714 676 794 praedivite
698 732 794 776 oornu

117 813 290 865 autumnum
312 810 339 861 et
362 815 489 872 mensas,
510 798 605 861 lelioia
627 817 725 897 poma.¹
747 800 901 862 secundas.

116 887 165 948 lux
186 884 275 959 subit,
297 892 326 944 et
346 881 443 963 primo
464 882 589 946 feriente
610 884 762 947 oaoumina
784 883 847 946 sole

117 967 299 1032 discedunt
291 985 419 1028 iuvenes
463 986 560 1049 neque
581 969 662 1031 enim
683 970 753 1031 dum
778 967 900 1030 flumina
925 989 1028 1050 paoem
1155 979 1185 1030 tn

117 1065 144 1116 ot
166 1051 297 1133 placidos
317 1049 444 1114 babeant
463 1051 574 1135 lapsus,
595 1063 732 1136 totaeque
756 1053 895 1129 residant,

117 1135 906 1323 tthdhfflathhdlhpilllttttt‘db

200 1304 288 1366 lluno
308 1314 405 1368 tarmn
426 1307 515 1370 ablati
536 1308 650 1371 domuit
670 1310 783 1372 iaetura
804 1306 928 1384 decoris,

116 1398 211 1451 cetera
233 1409 335 1489 sospes
356 1391 459 1468 habet3
482 1391 586 1472 eapitis
608 1410 729 1487 qnoque
745 1393 851 1456 lronde
871 1393 984 1474 saligna

116 1475 424 1632 :diffiditis
445 1472 915 1657 qqqqmqqqqqqqam

420 1603 428 1634 i

116 1645 280 1725 perdiderat
301 1642 411 1704 volneri
434 1642 586 1704 traiectum
607 1652 689 1723 terga
714 1643 826 1723 sagitta.

117 1746 242 1808 namque
264 1745 337 1788 nova
357 1737 497 1807 repetens
518 1725 629 1807 patrios
650 1746 718 1790 cum
741 1729 867 1807 coniuge
889 1746 990 1790 muros

114 1821 233 1873 venerat
253 1811 348 1873 Eueni
369 1810 485 1893 rapidas
505 1811 573 1874 love
595 1822 681 1875 natus
702 1812 737 1874 ad
761 1813 863 1876 undas.

116 1896 234 1957 uberior
255 1895 352 1971 solito,
374 1895 482 1958 nimbis
503 1897 676 1960 hiemalibus
698 1907 803 1960 anetus

115 1980 329 2061 verticibusque
349 1981 490 2062 frequens
511 1991 574 2043 erat
595 1989 684 2061 atque
695 1981 857 2078 ‘inpervius
877 1982 981 2044 amnis.

115 2063 292 2146 intrepidum
314 2082 369 2145 pro
390 2084 433 2137 se,
454 2083 554 2127 onram
576 2065 613 2127 de
635 2065 761 2162 coniqge
786 2076 922 2146 agentem

116 2148 225 2211 Nessus
245 2150 314 2223 adit,
330 2148 535 2251 membrisque
557 2149 656 2212 valens
657 2151 829 2248 'scitusque
851 2152 1001 2226 vadorum,

111 2228 231 2295 ‘oldoio’
255 2252 312 2336 qne
330 2225 409 2295 ‘meo
430 2234 494 2314 ripa
515 2233 635 2296 sistetur
656 2234 687 2297 in
709 2234 758 2296 illa

115 2313 207 2393 haeo‘,
228 2318 268 2380 ait
286 2311 408 2381 ‘Alcide
453 2328 484 2380 tu
507 2318 617 2381 viribus
639 2328 720 2381 utere
743 2311 873 2381 nandoz'

115 2403 331 2483 pallentemque
352 2413 432 2466 metu
455 2403 664 2484 fluviumque
655 2422 813 2486 ipsumque
835 2405 986 2467 timentem

115 2487 232 2549 tradidit
253 2488 366 2550 Aonius
387 2487 520 2569 paridam
541 2487 718 2586 Calydonida
738 2489 841 2551 Nesso

115 2590 192 2642 mor,
215 2583 338 2647 uteret,
361 2573 557 2653 pharetraque
578 2574 675 2653 gravis
696 2572 851 2671 spolioque
872 2572 968 2635 leonis

116 2662 194 2729 (nam
216 2656 322 2718 clavam
345 2667 374 2718 et
395 2675 501 2719 ourros
521 2667 602 2719 trans
622 2658 717 2740 ripam
739 2659 858 2720 miserat
879 2657 977 2734 aruns)

111 2735 359 2822 ‘qnandoquidem
381 2741 477 2822 eoepi,
496 2752 676 2839 superentur
696 2735 826 2805 flumina’
850 2742 932 2817 dixit,

115 2845 170 2888 neo
191 2825 303 2887 dubitat
324 2843 379 2887 neo
401 2845 457 2906 qua
479 2826 517 2888 sit
538 2827 782 2889 elementissimus
803 2827 899 2889 amnis

115 2911 238 3008 quaerit,
259 2919 289 2971 et
310 2909 450 3008 obsequio
472 2911 578 2973 delerri
600 2912 715 2992 spernit
736 2931 888 2992 aquarum

115 2995 233 3091 iamque
253 3003 356 3055 tenens
375 2995 480 3077 ripam,
502 2996 607 3057 missos
628 3014 696 3058 oum
718 2996 834 3059 tolleret
855 3014 950 3070 arcus,

115 3079 249 3159 coniugis
271 3079 388 3159 agnovit
408 3098 525 3141 vooem:
546 3080 699 3185 Nessoque
721 3081 836 3162 paranti
1139 3088 1182 3138 120

115 3163 214 3227 fallere
236 3156 429 3244 depositum‘
434 3182 493 3244 quo
516 3174 544 3226 te
564 3161 679 3227 dduoia'
704 3165 808 3229 clamat

112 3243 198 3311 ‘rana
220 3249 337 3331 pedum,
359 3247 495 3323 violente,
515 3245 615 3329 rapiti
636 3250 700 3326 tihi,
721 3249 813 3312 Nesse
834 3248 978 3323 bilormis,

182 3412 309 3533 105ὴῖδέξο
326 3410 386 3465 eti
453 3344 580 3481 Mt‘qqtht
613 3413 638 3465 Μ
707 3417 741 3468 90
759 3415 867 3482 agrestis
883 3413 909 3467 Μ
975 3416 1023 3466 100
1042 3411 1180 3480 [aliquali

117 3552 165 3602 tua
183 3496 327 3601 eucetebtt
378 3548 503 3605 heheoir
556 3553 604 3602 106
620 3545 758 3602 uberiusl
803 3555 903 3605 aetusr
950 3550 998 3602 108
1016 3545 1182 3615 intrepidum·

115 3615 206 3684 quell
261 3612 411 3670 110102).
465 3613 689 3669 libralidonial
742 3614 1181 3679 110-119οιιιι.Μ,01οιι

114 3684 514 3750 ιιι.1ι·..,ι116-11οιιιι.2
566 3684 718 3752 ltdquic
770 3684 976 3739 dementissimus
1062 3681 1182 3735 tiburis·

115 3835 158 3872 sos
175 3815 253 3872 omi
306 3821 353 3872 100
371 3821 475 3887 agnouit
493 3836 551 3870 oum
568 3820 606 3886 gl
624 3817 749 3873 laudirit
765 3818 791 3872 Μ
844 3815 982 3888 parantel
1036 3820 1084 3872 tto
1100 3764 1182 3885 grebo-

115 3888 193 3941 situm
209 3886 234 3940 Μ
288 3889 335 3941 120
353 3903 402 3940 una
421 3904 445 3955 p.
456 3889 563 3954 -rapit
581 3887 623 3939 ubi
642 3884 658 3939 λ
