2692 4230
105 138 166 201 314
525 197 528 203 ,
560 147 713 201 ΜΕΤΑΜΜ.

105 333 229 379 occursu
252 316 347 380 iecere
368 327 488 380 metum.
531 315 582 376 sed
605 316 686 377 nulla
707 317 835 382 timenda

105 401 244 482 nullaque
267 412 329 464 erat
350 412 451 464 nostro
474 401 585 461 lactura
608 400 639 460 in
662 417 788 479 corpore
807 403 923 466 vulnus

105 487 176 567 quin
199 487 286 549 etiam
309 486 428 547 blandas
450 500 566 544 morere
588 502 642 564 per
664 493 730 545 aera
752 487 865 548 caudas·

105 580 262 652 nostraque
283 569 434 632 adulantes
456 565 598 628 comitant
620 567 749 646 vestigia,
770 569 866 633 donec

105 657 256 737 excipiunt
276 651 398 715 lamulae
420 669 532 732 perque
553 652 626 714 atria
648 669 794 714 marmore
814 663 891 717 tecta

105 741 140 802 ad
163 741 310 802 dominam
332 737 454 797 ducunt.
498 736 623 816 pulchro
645 738 727 799 sedet
747 736 797 799 illa
818 756 945 815 recessu,

105 824 221 886 sublimi
243 821 327 894 solio,
350 819 514 901 pallamque
534 822 637 885 induta
659 823 801 884 nitentem

106 910 226 988 insuper
247 916 347 967 aurato
370 905 593 968 circumvelatur
614 908 731 970 amictu.

104 992 243 1055 Neretdes
265 991 467 1070 nymphaeque
489 990 586 1063 simul,
609 1011 684 1074 quae
704 989 811 1053 vellera
832 991 920 1051 motis

106 1077 184 1140 nulla
206 1076 327 1136 trahunt
347 1074 445 1153 digitis
467 1093 522 1136 nec
544 1075 592 1137 dle
613 1076 764 1159 sequentia
787 1076 912 1136 ducunt:

105 1160 235 1241 gramina
257 1159 419 1240 disponunt
440 1178 617 1242 sparsosque
638 1163 703 1225 sine
725 1160 827 1223 ordine
848 1160 936 1222 flores

105 1253 263 1307 secernunt
284 1244 406 1305 calathis
428 1244 577 1327 variasque
600 1247 749 1310 coloribus
770 1244 884 1308 herbas.

106 1332 168 1410 ipsa
190 1329 268 1408 quod
291 1330 346 1391 hae
367 1329 477 1391 iaciunt
498 1348 584 1412 opus,
608 1333 706 1412 exigit,
728 1332 801 1413 ipsa,
823 1331 889 1411 quis
911 1348 981 1392 usus

105 1432 200 1493 quone
221 1414 259 1476 sit
280 1413 310 1475 in
333 1414 412 1490 lolio,
436 1434 511 1496 quae
532 1417 570 1478 sit
591 1417 749 1479 concordia
772 1416 878 1490 mixtis,

106 1499 186 1561 novit
207 1508 236 1560 ct
256 1499 409 1562 advertens
430 1519 538 1581 pensas
559 1502 705 1563 examinat
725 1501 839 1563 herhas.

105 1585 177 1646 hacc
199 1583 249 1644 ubi
272 1602 327 1645 nos
347 1585 427 1658 vidit,
449 1585 525 1646 dicta
545 1595 726 1665 'acceptaque
746 1584 849 1659 salute,

11 1719 14 1725 .
106 1669 222 1731 diffudit
241 1668 339 1730 vultus
360 1677 390 1729 et
411 1667 537 1729 reddidit
558 1669 657 1730 omina
680 1668 761 1728 rotis.

108 1773 162 1816 nec
183 1770 274 1826 mora,
296 1752 411 1813 misceri
435 1752 502 1815 tosti
525 1751 607 1814 iubet
627 1753 736 1816 hordea
758 1752 841 1831 grani

106 1837 248 1917 mellaque
270 1836 386 1917 vimque
407 1837 479 1899 meri
501 1856 569 1899 oum
590 1837 667 1900 lacte
688 1837 809 1916 coagula
831 1854 928 1918 passo,

107 1923 215 2004 quique
237 1921 291 1983 suh
314 1924 368 1983 hac
389 1922 496 1984 lateant
517 1922 618 1985 lurtim
641 1922 805 1996 dulcedine,
827 1939 914 1983 sucos

106 2006 202 2071 adicit.
246 2006 407 2087 accipimus
427 2025 508 2068 sacra
530 2007 596 2070 data
621 2008 725 2088 pocula
747 2007 855 2068 dextra.

108 2111 181 2173 quae
202 2092 288 2153 simul
310 2091 403 2152 arenti
426 2091 558 2153 sitientes
579 2091 730 2153 hausimus
750 2109 810 2164 ore,

107 2187 136 2238 et
157 2176 250 2254 tetigit
272 2194 401 2236 summos
423 2176 502 2254 virga
524 2176 577 2239 dea
600 2177 662 2238 dira
684 2175 815 2257 capillos,

108 2265 147 2338 (et
170 2261 259 2342 pudet
281 2268 309 2321 et
330 2261 465 2336 referam)
488 2261 577 2323 saetis
598 2262 768 2322 horrescere
790 2260 884 2340 coepi,

105 2365 162 2408 nec
184 2345 239 2405 iam
262 2362 349 2425 posse
370 2345 461 2424 loqui,
484 2365 538 2427 pro
560 2345 658 2407 rerhis
679 2345 765 2407 edere
786 2362 907 2407 raucum

107 2442 290 2492 murmuret
313 2430 342 2491 in
366 2440 472 2491 terram
495 2438 556 2492 toto
580 2431 776 2512 procumbere
798 2429 888 2504 vultu,

107 2534 199 2595 osque
221 2533 319 2576 meum
342 2515 420 2576 sensi
442 2514 540 2596 pando
562 2515 755 2577 occallescere
776 2525 882 2587 rostro,

106 2599 180 2662 colla
201 2611 314 2661 tumere
337 2599 418 2675 toris,
440 2609 468 2662 et
491 2620 548 2680 qua
570 2601 658 2662 modo
681 2599 786 2680 pocula
808 2608 892 2680 parte

26 2725 30 2733 -
105 2694 221 2764 sumpta
242 2684 313 2745 mihi
337 2686 460 2758 lucrant,
483 2685 529 2746 illa
552 2685 670 2764 vestigia
694 2685 758 2746 leci.

106 2788 230 2850 cumque
253 2769 352 2830 eadem
375 2769 467 2850 passis
487 2772 615 2845 (tantum
637 2768 828 2831 medicamina
850 2768 1001 2848 possuntlt

106 2855 225 2916 claudor
246 2856 325 2917 hara.
368 2853 523 2934 solumque
544 2855 607 2917 suis
628 2855 756 2916 caruisse
779 2854 870 2932 ligura

105 2940 229 3000 vidimus
251 2938 465 3018 Eurylochum:
489 2939 570 3001 solus
592 2940 656 3001 data
679 2939 785 3020 pocula
807 2937 890 3017 lugit.

106 3043 180 3104 quae
201 3024 257 3084 nisi
280 3023 406 3096 vitasset,
428 3025 544 3105 pecoris
566 3043 635 3105 pars
657 3042 715 3085 una
738 3040 885 3085 manerem

107 3127 186 3169 nunc
208 3125 326 3187 quoque
347 3109 492 3187 saetigeri,
515 3127 570 3170 nec
591 3117 688 3171 tantae
709 3107 799 3170 cladis
818 3107 855 3169 oh
877 3107 927 3168 illo

106 3194 213 3255 certior
233 3193 269 3253 ad
292 3192 394 3254 Circen
418 3193 498 3255 ultor
518 3193 647 3255 venisset
669 3191 776 3254 Ulixes.

107 3279 217 3359 pacifer
237 3277 307 3338 huic
329 3279 445 3340 dederat
467 3279 570 3339 dorem
591 3276 740 3358 Cyllenius
762 3276 869 3348 album,

106 3361 184 3443 moly
205 3370 309 3423 vocant
329 3363 438 3443 superi,
461 3363 544 3441 nigra
566 3363 663 3425 radice
686 3371 810 3423 tenetur.

107 3456 188 3509 tutus
210 3465 244 3508 eo
267 3448 444 3527 monitisque
465 3446 552 3509 simul
575 3446 750 3509 caelestibus
772 3448 859 3508 intrat

174 3617 222 3667 262
240 3613 356 3667 sollemni
375 3614 412 3664 G·
460 3614 682 3682 torqueam
745 3616 795 3667 268
814 3629 863 3665 om.
881 3612 906 3664 hl
970 3613 1019 3666 269
1037 3626 1171 3680 quoquea

107 3685 156 3736 tto
173 3689 291 3733 avertens
309 3680 462 3748 pensallshl
515 3684 649 3736 stt-out
664 3679 750 3732 omli
802 3683 850 3734 lll
868 3680 967 3737 rociss
1020 3682 1070 3732 260
1089 3678 1169 3748 loqui}

107 3817 210 3886 querih
263 3818 312 3870 286
329 3815 434 3868 claudor
451 3816 476 3868 in
495 3823 566 3868 antra
584 3817 646 3869 suis.
681 3816 795 3869 solome
853 3818 901 3870 266
920 3774 970 3883 prr9
982 3815 1066 3868 uuah
1118 3830 1172 3867 ma·

91 3893 173 3972 'neret
188 3905 207 3942 c
258 3887 307 3939 291
328 3884 416 3938 dorem
435 3883 539 3938 dederat
555 3902 569 3934 e
621 3886 671 3939 292
688 3883 760 3936 molli
778 3884 796 3935 lr
