2692 4230
93 119 154 185 178
552 128 708 185 metm

93 299 156 382 ipse
176 302 252 384 pede
274 304 405 386 inposito
426 307 518 382 caput
539 298 689 361 exitiabile
709 301 817 380 pressit

92 377 893 545 thiliiltuizlllltlzlzltllb·

92 557 231 638 protinus
252 492 370 619 exuzias
390 551 494 632 rigidis
514 548 667 613 horrentia
688 551 777 613 netis

93 652 173 722 terge
195 642 245 704 dat
265 651 295 703 et
315 636 432 716 magnis
452 634 581 715 insignia
603 635 743 699 dentibus
765 653 826 699 ore.

93 724 134 786 illi
156 725 284 788 laetitiae
306 733 351 784 est
372 738 441 783 cum
463 737 589 783 munere
610 721 742 784 muneris
764 729 877 795 auctor,

93 810 224 872 inridere
245 806 303 882 elii,
326 815 450 885 totoque
471 813 534 868 erat
554 807 673 888 agmine
693 822 838 867 murmur.

94 894 240 976 equibus
261 890 375 969 ingenti
398 889 554 953 tendentes
576 890 711 955 bracchia
733 907 806 952 voce

89 972 182 1058 ‘pone
202 994 257 1054 age
279 992 335 1036 nec
357 973 460 1037 titulos
480 975 637 1058 intercipe,
658 975 778 1049 lentina,
799 968 938 1050 nostros’,

92 1060 264 1123 Thestiadae
285 1058 425 1134 clamant,
443 1052 513 1123 ‘nec
534 1069 564 1123 te
586 1062 692 1125 fiducia
714 1062 826 1122 formae

93 1144 228 1223 decipiat,
250 1161 289 1205 ne
310 1144 349 1205 sit
368 1144 459 1226 longe
480 1144 535 1207 tibi
556 1155 661 1229 captus
682 1162 783 1208 amore

92 1222 203 1290 aucto?
228 1236 257 1290 et
277 1228 347 1290 huic
368 1229 504 1292 adimunt
524 1248 646 1305 munus,
667 1231 715 1293 ius
735 1228 868 1294 muneris
888 1226 941 1289 illi.

91 1331 152 1374 non
174 1311 242 1374 tulit
263 1322 293 1375 et
314 1313 424 1377 tumida
445 1315 588 1378 frendens
609 1316 770 1378 biarortius
790 1316 834 1377 ira

89 1391 218 1474 ‘discite‚
238 1407 374 1480 raptores
395 1395 492 1462 alieni'
516 1400 591 1462 dixit
608 1393 757 1475 ‘honoris

92 1483 166 1545 iacta
187 1481 277 1545 minis
298 1493 441 1564 quantum
463 1480 581 1545 distent'
606 1484 764 1565 hausitque
786 1484 913 1547 nefando

92 1577 211 1648 pectora
232 1566 367 1649 Plexippi
390 1567 434 1629 nil
455 1566 513 1629 tale
534 1568 668 1628 timentia
690 1567 779 1628 ferro.

90 1652 198 1723 'l'oxea‚
221 1652 291 1732 quid
313 1651 410 1725 iaciat,
432 1650 554 1712 dubium
577 1650 747 1731 pariterque
767 1649 914 1712 volentem

92 1735 193 1799 ulcisci
216 1737 337 1797 fratrem
358 1736 546 1816 fraternaque
568 1736 627 1797 iata
649 1735 820 1808 timentem,

89 1821 168 1883 haud
192 1819 302 1901 patitur
324 1818 460 1882 dubitare
482 1820 533 1882 diu
556 1819 743 1901 calidumque
764 1820 872 1902 prioris

91 1905 179 1968 caede
200 1902 351 1966 recalfecit
373 1905 505 1967 consorti
527 1906 675 1983 sanguine
696 1904 798 1966 telum.

174 1988 259 2051 llona
280 1988 368 2051 deum
390 1988 511 2070 templis
532 1998 603 2053 nato
625 1989 736 2051 victore
758 1988 879 2064 ferebat,

91 2092 158 2136 cum
180 2073 258 2135 ridet
280 2073 439 2136 exstinctos
461 2074 567 2135 iratres
589 2073 709 2136 Althaea
731 2072 846 2136 referri.

89 2177 164 2240 quae
185 2158 328 2238 plangore
348 2159 417 2219 dato
439 2159 558 2221 maestis
580 2158 758 2220 clamoribus
779 2156 883 2221 urbem

89 2242 183 2326 inplet
206 2251 234 2304 et
255 2242 365 2304 auratis
386 2242 508 2305 mutavit
528 2243 661 2305 restibus
681 2251 770 2304 atras.

89 2337 119 2391 at
140 2327 229 2390 simul
250 2338 296 2389 est
316 2337 420 2390 auctor
442 2328 526 2390 necis
547 2328 653 2402 editus,
675 2327 783 2389 excidit
808 2327 905 2388 omnis

89 2411 196 2488 luctus,
219 2422 249 2473 et
270 2432 287 2474 a
308 2411 438 2474 lacrimis
460 2413 490 2474 in
513 2430 629 2493 poenae
651 2431 753 2474 versus
775 2429 904 2475 amorem
927 2421 979 2474 est.

89 2496 181 2578 stipes
202 2505 274 2570 erat,
297 2515 397 2577 quem,
419 2515 486 2558 cum
510 2506 613 2578 partus
636 2497 720 2558 enixa
744 2498 851 2560 iaceret

89 2581 232 2655 Thestias,
256 2581 285 2641 in
308 2582 454 2644 hammam
478 2582 612 2662 triplices
635 2600 761 2663 posuere
783 2598 917 2656 sorores3

89 2666 271 2768 staminaque
292 2666 428 2747 inpresso
450 2665 547 2729 fatalia
569 2666 677 2748 pollice
703 2676 809 2728 nentes

86 2745 233 2832 ‘tempora
265 2749 402 2812 dixerunt
420 2743 535 2813 ‘eadem
557 2751 699 2832 lignoque
721 2750 844 2832 tibique,

89 2853 107 2896 o
129 2836 217 2896 modo
240 2844 317 2910 nate,
339 2834 460 2897 damus?
506 2854 566 2917 quo
590 2845 746 2917 postquam
768 2833 898 2898 mnnine
919 2833 997 2895 dicto

89 2938 240 2982 excessere
261 2920 342 2995 deae,
366 2921 537 3000 flagrantem
560 2930 655 2982 mater
675 2920 712 2982 ab
735 2922 805 3001 igne

90 3004 199 3086 eripuit
219 3022 332 3067 manum
354 3005 522 3087 sparsitque
543 3005 727 3087 liquentibus
750 3005 846 3068 undis.

89 3089 137 3151 ille
159 3089 209 3151 diu
231 3090 327 3151 iuerat
348 3089 553 3170 penetralibus
573 3089 695 3152 abditus
717 3090 783 3151 imis

89 3183 278 3254 senatuque
299 3184 378 3248 tuos,
399 3173 523 3247 iuvenis,
546 3185 709 3236 aerraverat
733 3193 838 3237 annos.

89 3257 211 3342 protulit
232 3260 313 3320 bunc
335 3258 468 3338 genetrix
491 3259 649 3339 cedesque
671 3270 701 3321 et
721 3259 865 3339 fragmina
888 3256 959 3337 poni
1118 3265 1162 3316 too

89 3343 211 3424 imperat
234 3353 264 3404 et
284 3342 389 3424 positis
410 3343 548 3405 inimicos
569 3344 705 3405 admouet
727 3345 821 3424 ignes.

155 3492 374 3546 tlbnonacreac
420 3492 483 3544 iuris
501 3492 734 3545 eorr.eatauribl
788 3494 838 3544 430
855 3487 988 3542 laeticial
1039 3490 1088 3542 4³2
1108 3493 1163 3539 len-

88 3626 151 3679 dens
169 3625 257 3679 snahl
318 3629 368 3680 434
386 3583 524 3712 3144ίῶ344
538 3627 673 3680 clemathl
732 3630 782 3682 435
801 3621 1011 3691 neu-longol
1063 3624 1096 3676 eit
1114 3623 1159 3675 tibi

88 3761 195 3827 longer
244 3764 314 3816 4364
332 3801 339 3813 .
357 3699 608 3816 heho—{cnthlitli
662 3777 755 3814 munus
772 3763 833 3815 add.
849 3759 882 3813 2¹
934 3764 983 3814 440
1001 3756 1159 3828 phexippibl

87 3832 136 3882 443
154 3829 303 3882 dubitavere
399 3832 477 3898 priori
495 3828 538 3881 lll¹
592 3830 683 3898 prioris
701 3829 766 3888 bl³e
821 3834 870 3883 453
890 3828 959 3881 iatali
977 3826 1020 3880 bl¹
1039 3842 1053 3879 a
1069 3832 1161 3893 portes

86 3896 209 3949 additum
261 3901 310 3951 ⁴57
331 3904 423 3952 torrem
441 3900 566 3951 Heinsius
