2692 4230
140 136 274 174 runcruou
589 122 617 186 ll,
635 124 778 174 teo-tte.

140 295 294 378 oldciique
316 297 418 369 refers,
440 292 520 374 quod
543 292 648 354 adunci
671 295 789 356 vulnera
815 293 905 355 aratri

140 389 367 461 rastrorumque
389 380 451 439 tero
476 387 599 458 totoque
622 398 761 442 exerceor
782 397 871 454 anno,

140 468 222 546 quod
245 465 347 548 pecori
371 462 491 524 frondeo
512 461 709 545 alimentaque
732 465 821 538 mitia,
844 464 943 543 tropeo

140 551 273 613 humano
296 548 409 627 generi,
433 546 516 608 vobis
538 567 657 629 quoque
680 560 742 611 tura
764 546 923 612 ministro?

139 637 195 697 sed
217 645 315 696 tamen
340 631 461 693 exitium
483 633 529 694 lae
551 653 597 695 me
619 635 779 696 meruisse:
802 635 871 715 quid
894 633 1001 707 undae,

140 720 212 801 quid
235 716 344 779 meruit
366 714 480 778 trater?
501 737 556 781 cur
577 718 618 780 illi
641 721 743 782 tradite
765 730 844 780 sorte

139 820 270 883 aequora
293 803 469 865 decrescunt
491 815 521 865 et
541 803 577 865 ab
599 805 720 865 aethere
741 804 859 883 longius
884 800 1015 865 absunt?

140 887 248 969 quodsi
272 904 329 947 uec
351 886 449 950 fratria
472 908 527 950 nec
550 900 579 949 te
599 906 664 948 mea
686 889 777 966 gratia
800 889 903 969 tangit,

138 982 170 1034 at
191 969 265 1031 caeli
287 972 430 1035 miserere
451 975 505 1036 tui.
550 973 744 1051 circumspice
765 982 934 1053 utromque,

138 1058 233 1117 fumat
255 1067 383 1138 uterque
405 1059 502 1140 polus.
548 1057 669 1135 quossi
693 1055 831 1117 vitiaverit
853 1058 941 1136 ignis,

138 1140 213 1201 atria
236 1153 332 1204 restra
354 1153 453 1205 ruent
498 1140 577 1201 Atlas
600 1159 636 1200 en
659 1141 723 1221 ipse
745 1139 857 1202 laborat

137 1226 246 1306 uixque
267 1229 330 1289 suia
352 1228 464 1290 umeris
486 1225 659 1287 candentem
682 1226 807 1287 sustinet
834 1244 926 1287 axem.

138 1311 164 1371 si
186 1311 273 1386 freta,
295 1313 321 1374 si
343 1322 440 1374 terrae
461 1322 598 1391 pereunt,
620 1312 644 1372 si
667 1311 746 1392 regia
768 1310 851 1384 caeli,

138 1397 168 1457 iu
192 1398 284 1458 cbaos
304 1397 461 1477 antiquum
484 1396 703 1457 contundimur.
747 1396 828 1476 eripe
851 1395 976 1456 dammis

137 1481 235 1563 siquid
258 1481 356 1541 adbuc
378 1493 514 1560 superest
536 1490 566 1542 et
586 1499 686 1542 rerum
713 1481 836 1542 consule
861 1473 1011 1543 summae?

136 1567 250 1628 dixerat
271 1565 345 1625 haec
367 1563 471 1626 tellus:
496 1566 693 1646 nequeenim
717 1564 841 1626 tolerare
862 1584 1000 1647 vaporem

137 1650 265 1712 ulterius
288 1649 387 1730 potuit
407 1669 465 1712 uec
486 1651 584 1711 dicere
605 1649 707 1729 plura:
729 1668 875 1730 suumque

136 1734 253 1797 rettulit
274 1752 310 1795 os
331 1735 362 1796 in
385 1754 418 1797 se
440 1734 641 1816 propioraque
662 1735 797 1796 manibus
818 1746 912 1797 autre.

135 1831 166 1880 at
188 1828 273 1900 pater
295 1820 497 1900 omnipotens,
520 1838 644 1900 superos
665 1830 788 1882 testatus
809 1830 837 1881 et
858 1820 967 1901 ipsum,

136 1905 188 1985 qui
211 1905 332 1966 dederat
354 1924 472 1977 currus,
495 1905 551 1966 nisi
574 1922 660 1986 opem
682 1906 765 1979 terat,
788 1905 885 1966 omnia
909 1905 967 1968 lato

134 1989 293 2050 interitura
316 1991 409 2069 gravi,
430 2008 574 2052 summam
598 1991 671 2071 petit
692 1990 801 2051 arduus
821 2009 929 2066 arcem,

134 2075 216 2136 uude
239 2075 315 2136 solet
339 2075 435 2137 nubes
457 2074 527 2137 latis
548 2075 689 2137 inducere
710 2076 805 2147 terris,

134 2160 216 2221 unde
239 2171 338 2221 movet
360 2161 489 2222 tonitrus
510 2160 680 2240 vibrataque
701 2159 823 2220 fulmina
846 2158 941 2218 iactat

134 2245 187 2305 sed
211 2262 310 2324 oeque
332 2263 406 2325 quas
428 2255 528 2326 poscet
550 2245 636 2306 terris
657 2244 796 2305 iuducere
820 2244 913 2305 nubes

133 2341 208 2390 tuuc
230 2329 344 2401 babuit,
368 2349 424 2391 nec
446 2348 523 2410 quos
545 2329 626 2390 caelo
649 2330 813 2391 demitteret
834 2329 951 2390 imbres.

134 2413 253 2474 intonat
276 2423 305 2474 et
327 2414 428 2475 dextra
450 2414 589 2476 libratum
613 2415 724 2476 tulmen
747 2415 783 2475 ab
805 2432 875 2475 aure

133 2499 215 2560 misit
237 2499 269 2559 iu
291 2499 425 2579 aurigam
448 2501 617 2582 pariterque
637 2499 793 2579 animaque
815 2499 948 2578 rotisque

134 2583 249 2664 expulit
271 2594 300 2645 et
322 2603 424 2647 saeros
446 2587 620 2666 conpescuit
642 2585 760 2664 ignibus
782 2584 875 2662 ignee.

133 2678 369 2731 consternantur
391 2671 460 2751 equi
483 2680 513 2732 et
534 2670 607 2732 saltu
631 2671 661 2730 in
684 2669 831 2730 contraria
854 2669 930 2730 lacto

134 2753 210 2814 colla
233 2754 305 2832 iugo
328 2755 462 2836 eripiunt
483 2757 668 2836 abruptaque
690 2755 752 2816 lora
775 2754 956 2834 relinquunt.

132 2838 196 2901 illic
218 2839 302 2900 trena
325 2839 433 2913 iacent,
456 2838 517 2902 illic
531 2851 649 2901 temone
672 2841 804 2901 revulsus

132 2925 206 2995 axis,
230 2925 260 2984 in
284 2925 340 2985 hac
363 2925 436 2986 radii
460 2927 617 2987 fractarum
641 2936 722 3006 quarte
744 2935 885 2996 rotarum,

132 3028 296 3089 sparsaque
318 3022 386 3071 sunt
410 3010 467 3072 late
489 3011 577 3071 laceri
601 3012 719 3089 vestigia
745 3029 858 3071 currus.

131 3104 161 3155 at
184 3093 351 3167 Phaethon,
373 3096 479 3156 rutilos
501 3097 616 3157 tlamma
639 3096 799 3176 populante
821 3095 953 3175 capillos,

140 3212 341 3221 .-Η-*η

202 3278 366 3345 ἳὸθᾳυὶἀι
419 3282 563 3331 183εἱοΑ
618 3278 846 3345 tetnnoquttt
883 3274 1019 3344 utriunql
1055 3279 1210 3344 utrimquee

132 3437 182 3485 tub
202 3363 273 3499 qbord.
291 3431 314 3481 bl
344 3428 448 3499 quodi
475 3431 640 3483 uiolauerite
675 3363 803 3482 guigni'sbl
858 3431 1057 3482 llbatblaosltl
1095 3432 1209 3486 alutam

132 3589 180 3637 301
201 3600 344 3650 vaporese
405 3586 455 3636 302
473 3591 606 3651 poterat:
670 3588 719 3635 ³04
740 3516 842 3634 amal
910 3587 958 3635 305
978 3583 1107 3635 dederite
1160 3588 1206 3636 3111

131 3736 191 3788 latis
210 3737 293 3788 nubes
312 3737 370 3787 edd.
389 3738 423 3786 ab
441 3737 548 3789 Heinsio
609 3740 659 3789 :tos
679 3667 944 3803 uibraitnq:llusrrliiltnama
979 3735 1004 3785 Μ
1058 3736 1209 3789 31011ἰωί1-

131 3804 228 3856 teretC
264 3804 366 3856 deme
417 3807 466 3857 313
485 3807 570 3857 saenis
589 3804 681 3866 codd.,·
699 3822 767 3855 corr.
782 3805 890 3870 Bentley
944 3807 994 3856 att
1013 3809 1209 3856 consternuntur

131 3873 202 3924 -in
221 3889 244 3923 c·
265 3889 341 3924 verso
360 3891 373 3922 e
426 3876 476 3926 tto
494 3875 569 3941 erip-l
588 3874 719 3925 excutiunt
737 3892 750 3922 e

184 3964 264 4012 Ouid,
280 3964 367 4005 Metam.
995 3965 1014 4012 'b
