2692 4230
135 111 177 171 92
582 118 747 187 ζΜΕΤΔΜΜ.
908 133 1067 172 munemne.
1097 135 1205 174 renerus

134 288 244 353 arduus
265 290 296 352 in
318 291 413 354 nuhes
433 290 515 354 abiit.
558 296 592 349 ut
613 288 644 347 in
667 305 795 366 aequore
816 308 932 354 summo

135 373 239 437 umbra
261 376 315 438 viri
335 377 396 438 risa
418 383 473 448 est,
493 372 583 432 risam
605 371 665 432 iera
687 372 777 432 saevit
796 374 827 435 in
848 377 992 440 umbram.

134 469 227 542 utque
248 460 324 522 lovis
345 476 479 542 praepes,
500 472 590 515 vacuo
613 472 681 515 curn
703 454 774 517 uidit
794 457 824 518 in
847 479 916 524 arvo

133 545 324 626 praebentem
346 541 466 605 Phoebo
487 537 604 599 liventia
626 547 708 619 terga
729 539 896 621 draconem,

134 639 261 711 occupat
281 644 424 697 aversum,
447 641 505 684 neu
527 641 609 685 saeva
630 633 798 705 retorqueat
818 643 880 704 ora,

133 713 327 795 squamigeris
348 709 447 772 aridos
468 705 531 786 ugit
552 707 714 771 ceruicibus
735 726 861 788 ungues,

133 798 177 860 sic
199 797 287 860 celeri
309 797 418 857 missus
439 809 581 873 praeceps
602 813 656 874 per
677 794 765 856 inane
786 792 882 856 volatu

133 892 215 963 terga
237 883 316 943 ierac
337 876 445 959 pressit
465 876 625 958 dextroque
646 878 796 941 trementis
817 878 848 939 in
870 896 952 940 armo

133 965 287 1047 Inachides
309 964 418 1024 ferrum
440 979 530 1022 curvo
551 971 638 1025 tenus
659 964 770 1027 abdidit
789 963 886 1025 harno.

132 1051 255 1111 vulnere
274 1047 351 1108 laesa
373 1045 453 1126 gravi
473 1047 560 1108 modo
582 1067 613 1110 se
634 1049 768 1111 sublimis
788 1049 819 1110 in
840 1066 926 1111 auras

132 1132 250 1206 attollit,
272 1132 360 1193 modo
382 1130 481 1192 subdit
501 1133 594 1214 aquis,
617 1136 704 1196 modo
726 1152 809 1197 more
830 1132 937 1195 ierocis

132 1224 228 1279 versat
248 1216 323 1297 apri,
345 1234 432 1297 quem
453 1216 538 1279 turha
560 1237 666 1281 canum
688 1220 873 1282 circumsona
894 1226 993 1283 terret

132 1300 183 1362 iiie
205 1299 304 1362 aridos
324 1318 440 1364 morsus
461 1303 610 1366 velocibus
631 1305 734 1385 eiiugit
753 1306 808 1367 alis

133 1404 250 1467 quaque
271 1395 361 1465 patet,
383 1405 464 1449 nunc
485 1397 567 1468 terga
588 1389 666 1450 cavis
687 1408 777 1469 super
797 1389 892 1452 obsita
914 1388 1046 1463 cononis,

132 1488 215 1533 nunc
235 1470 361 1534 laterum
383 1480 488 1547 costas,
510 1491 591 1534 nunc
612 1491 670 1552 qua
691 1473 862 1536 tenuissima
884 1475 976 1537 cauda

132 1555 241 1618 desinit
261 1557 292 1618 in
316 1556 438 1638 piscem,
459 1557 563 1618 taleam
585 1558 718 1618 vulnerat
739 1576 819 1619 ense.

131 1639 218 1703 belua
241 1642 368 1722 puniceo
390 1640 497 1701 mixtos
518 1657 587 1701 cum
609 1640 753 1718 sanguine
774 1641 882 1702 noctus

132 1743 185 1786 ore
205 1724 313 1786 vomit:
336 1724 475 1785 maduere
496 1741 597 1802 graves
617 1723 793 1803 adspergine
815 1743 940 1805 pennae.

131 1828 189 1872 nec
209 1807 319 1870 bibulis
340 1807 416 1869 ultra
437 1807 562 1869 Perseus
582 1807 722 1870 talaribus
742 1827 831 1870 ausus

44 1937 47 1944 -
132 1893 263 1966 credere,
285 1892 439 1973 conspexit
460 1892 625 1973 scopulum,
648 1893 699 1972 qui
720 1895 826 1955 vertice
848 1909 963 1955 summo

131 1977 277 2039 stantibus
299 1985 392 2038 exstat
411 1976 506 2058 aquis,
528 1978 659 2058 operitur
680 1977 717 2039 ab
739 1996 866 2058 aequore
888 1987 977 2040 moto.

130 2062 219 2124 nixus
240 2080 275 2123 eo
297 2062 439 2143 rupisque
462 2071 567 2124 tenens
588 2061 655 2141 iuga
680 2064 772 2143 prima
793 2064 911 2125 sinistra

129 2156 176 2209 ter
197 2156 301 2227 quater
324 2147 418 2226 exegit
437 2148 562 2228 repetita
584 2167 637 2228 per
658 2146 707 2209 ilia
729 2149 848 2210 terrum.

129 2231 217 2293 litora
240 2249 307 2294 cum
331 2231 434 2312 plausu
457 2233 566 2293 clamor
588 2250 768 2313 superasque
789 2233 912 2295 deorum

129 2316 289 2396 impleuere
310 2316 429 2377 domos:
452 2318 579 2396 gaudent
600 2336 801 2398 generumque
823 2318 950 2380 salutant

129 2401 331 2481 auxiliumque
352 2401 457 2462 domus
479 2411 715 2482 servatoremque
736 2403 865 2464 fatentur

130 2484 271 2567 Cassiope
292 2484 487 2566 Cepheusque
510 2497 600 2568 pater.
643 2487 772 2548 resoluta
795 2487 905 2549 catenis

129 2570 237 2632 incedit
261 2570 353 2650 virgo,
375 2572 561 2653 pretiumque
583 2581 612 2633 et
633 2591 719 2634 causa
741 2571 858 2633 laboris.

129 2655 194 2736 ipse
216 2673 322 2717 manus
342 2654 444 2717 hausta
465 2656 598 2718 victrices
619 2656 712 2717 abluit
732 2657 821 2732 unda,

129 2739 375 2821 anguiferumque
396 2751 485 2822 caput
505 2742 577 2802 dura
600 2761 637 2802 ne
658 2741 753 2803 laedat
774 2742 892 2816 harena,

131 2824 228 2886 mollit
249 2825 371 2887 humum
394 2826 473 2887 foliis
494 2837 633 2907 natasque
655 2826 710 2888 suh
732 2845 860 2906 aequore
880 2826 975 2906 virgas

130 2909 236 2972 sternit
257 2918 287 2971 et
309 2909 436 2990 imponit
458 2911 659 2991 Phorcynidos
681 2929 732 2973 ora
754 2911 899 2974 Medusae.

129 2995 209 3074 uirga
231 3013 336 3057 recens
357 2993 695 3077 bibulaqueetiamnum
717 2997 779 3058 vira
801 2994 926 3058 medulla

131 3137 334 3148 ——-
960 3108 1107 3164 ilucentia'

198 3208 386 3276 ‘iiiutletd
455 3215 503 3300 2113
521 3213 732 3266 visa-umbra
751 3211 793 3265 Bt
862 3178 1037 3266 ‘iihlissentia
1089 3212 1198 3278 (binc

128 3349 205 3412 mut.)
221 3345 247 3398 Μ
305 3347 355 3400 tts
372 3305 462 3414 missili)
478 3348 503 3400 Μ
521 3351 546 3414 (o
565 3350 642 3414 aas.)
676 3350 754 3401 misso
772 3347 812 3400 Ba
851 3362 974 3416 praeceps
990 3348 1100 3400 missos
1152 3362 1198 3414 per

128 3477 229 3534 each
274 3483 324 3535 ttt
341 3431 454 3552 dextrqoq:
466 3482 492 3535 Μ
539 3486 587 3537 ’123
605 3500 679 3537 versa
698 3484 750 3551 apri
768 3487 795 3548 (a
812 3499 847 3536 m.
863 3487 878 3536 1
896 3498 967 3535 corr.
984 3487 1014 3534 iu
1031 3414 1197 3549 virginarpri)

1007 3569 1035 3620 ·l·
1047 3569 1164 3622 vulnerat

128 3633 173 3686 Μ*
242 3637 290 3689 tat
314 3641 403 3704 patent
425 3595 503 3688 isto
546 3639 593 3690 tat
619 3636 736 3689 uulnerat
760 3653 795 3688 eo
818 3634 918 3689 cinerat
934 3633 976 3688 Μ’
1044 3636 1198 3690 verberate

128 3789 179 3841 ’133
197 3786 301 3844 nisusc
346 3751 535 3856 ⁸5ni⁸ifiiilliiihi¹
564 3788 699 3843 sinistroB
747 3793 795 3843 tto
808 3719 1197 3858 sofcqnogogg'glfifflggggz,

127 3854 300 3908 methnsaeR
353 3861 402 3911 'itt
420 3858 603 3910 etiamnunch
