2692 4230
137 125 249 186 risnruss
577 111 608 175 V,
625 113 768 166 lid-3⁰8.

138 292 255 364 ceperat
276 285 326 346 ille
348 285 428 345 ferox
451 281 618 362 iniustaque
640 300 729 362 regna
753 284 880 346 tenebat.

137 369 246 449 templa
270 369 439 449 petebamus
461 365 613 429 Parnasia:
638 369 707 431 vidit
729 380 842 444 euntes,

138 464 297 533 nostraque
320 450 413 513 lallaci
437 464 591 516 veneratus
613 454 733 515 numina
755 454 836 517 vultu

138 536 379 614 „Mnemonides“
403 537 558 615 (cognorat
578 539 679 612 enim),
703 539 907 615 „consistite“,
928 537 1001 599 dixit
1168 550 1212 603 tut

138 641 215 698 „uec
235 619 376 691 dubitate,
398 639 515 700 precor,
536 632 613 686 tecto
637 641 723 703 gnare
744 623 826 687 sidus
848 633 877 686 et
899 623 1043 685 imbrem‘·'

136 705 242 781 (imber
264 706 336 777 erat)
360 704 468 780 „vitare
491 727 573 770 meos
596 708 712 770 subiere
734 709 865 771 minores

136 808 223 869 saepe
245 806 325 849 casas
348 792 479 871 superi.“
501 794 587 855 dictis
609 803 637 853 et
659 802 789 873 tempore
812 802 908 854 motae

136 871 351 951 adnuimusque
372 875 435 938 uiro
459 879 626 958 primasque
648 876 819 937 intravimus
841 878 936 939 aedes.

135 957 281 1018 desierant
303 958 421 1036 imbres,
444 965 581 1042 victoque
601 960 789 1040 aquilonibus
808 969 908 1022 austro

135 1043 217 1103 lusca
240 1057 396 1124 repurgato
420 1046 573 1126 fugiebant
597 1044 695 1106 nubila
716 1045 808 1107 caelo.

135 1127 265 1207 impetus
287 1131 329 1192 ire
353 1133 423 1194 luit:
446 1130 556 1192 claudit
575 1148 627 1192 sua
651 1141 724 1193 tecta
747 1131 897 1212 Pyreneus

134 1213 250 1293 vimque
273 1226 363 1295 parat.
407 1233 495 1296 quam
518 1233 573 1277 nos
593 1216 719 1297 sumptis
741 1217 898 1295 effugimus
919 1216 982 1278 alis.

135 1299 199 1378 ipse
220 1309 359 1361 secuturo
382 1300 487 1360 similis
508 1300 587 1362 stetit
607 1301 716 1364 arduus
737 1319 805 1363 aroc

136 1387 232 1463 „qua“
257 1403 315 1464 que
338 1385 401 1459 „via
423 1394 467 1446 est
488 1385 580 1461 vobis,
601 1386 659 1448 erit
679 1396 708 1447 et
729 1385 820 1446 milri“
843 1384 914 1446 dixit
938 1385 1093 1460 „eadem“‚
1165 1395 1209 1447 290

134 1487 224 1549 seque
248 1468 316 1529 iacit
337 1487 438 1530 vecors
459 1489 475 1530 e
497 1489 628 1532 summae
649 1469 778 1532 culmine
799 1469 889 1531 turris

134 1565 163 1614 et
185 1554 260 1615 cadit
284 1553 314 1613 in
338 1553 445 1628 vultus,
467 1556 650 1635 discussique
670 1555 786 1616 ossibus
808 1555 868 1615 oris

134 1639 231 1698 tundit
253 1639 375 1698 humum
398 1640 530 1702 moriens
551 1640 692 1701 scelerato
713 1639 858 1718 sanguine
881 1632 1022 1700 tinctam?

218 1722 298 1783 llusa
321 1721 510 1807 loquebatur:
535 1742 650 1804 pennae
670 1742 799 1786 sonuere
822 1741 993 1803 petamus,
1076 1771 1079 1775 .

133 1825 246 1886 voxque
268 1807 444 1869 salutantum
466 1809 557 1871 ramis
578 1808 710 1871 veniebat
731 1809 768 1872 ab
790 1808 865 1870 altis.
1164 1819 1208 1871 295

132 1892 256 1971 suspicit
278 1902 306 1952 et
327 1892 446 1971 linguae
467 1895 581 1974 quaerit
604 1908 659 1956 tam
685 1905 764 1957 cem
786 1895 943 1975 loquentes

134 1978 211 2038 unde
234 1988 350 2050 sonent,
372 1978 581 2060 hominemque
604 1989 686 2060 putat
705 1979 773 2040 love
796 1989 861 2041 nata
883 1979 1028 2042 locutum.

132 2062 191 2123 ales
214 2072 285 2135 erat,
310 2080 492 2143 numeroque
515 2083 629 2137 norem,
651 2083 702 2126 sua
725 2065 781 2125 iata
804 2075 973 2143 querentes,

133 2148 297 2208 institerant
320 2147 407 2208 ramis
429 2148 578 2209 imitantes
600 2149 696 2210 omnia
718 2149 809 2230 picae.

132 2231 248 2292 miranti
272 2230 315 2292 sic
337 2250 401 2293 orsa
425 2233 496 2294 deae
518 2235 586 2295 dea:
606 2227 715 2316 ‘nuper
737 2243 765 2296 et
786 2233 859 2295 istae

132 2325 275 2377 auxerunt
297 2317 449 2378 volucrum
471 2319 563 2380 victae
584 2320 742 2381 certamine
763 2319 890 2380 turbam.

132 2400 232 2462 Pieros
256 2402 308 2463 bas
330 2403 430 2481 genuit
452 2403 576 2464 Pellaeis
596 2407 675 2466 dives
695 2404 727 2464 iu
748 2403 835 2475 arvis,

131 2486 256 2548 Paeonis
279 2486 394 2567 Euippe
416 2498 509 2549 mater
532 2488 596 2549 luit.
639 2488 686 2550 illa
711 2496 860 2569 potentem

132 2571 273 2634 Lucinam
296 2573 429 2647 noviens,
451 2575 574 2634 noviens
594 2574 733 2653 paritura,
758 2572 878 2634 vocarit

133 2657 271 2718 intumuit
294 2676 417 2719 numero
439 2658 610 2720 stolidarum
634 2659 718 2721 turba
739 2675 876 2721 sororum

132 2760 243 2823 perque
266 2751 307 2803 tot
332 2742 508 2805 Haemonias
530 2755 560 2805 et
581 2763 635 2825 per
656 2753 699 2805 tot
720 2743 864 2805 lebaldus
886 2741 976 2804 urbes

131 2829 190 2889 buc
212 2827 289 2888 venit
312 2829 411 2889 attali
433 2829 589 2891 committit
612 2829 722 2908 proelia
745 2846 831 2891 voce:

133 2912 277 2986 „desinite
301 2913 450 2975 indoctum
473 2933 545 2975 vana
567 2913 721 2977 dulcedine
743 2913 848 2991 vulgus

287 3028 316 3079 ub

199 3100 247 3150 279
268 3096 397 3148 nominali
445 3094 579 3149 nominati
629 3083 856 3164 ἳὲθοοςιιονίὶ).1
891 3097 939 3147 nst
959 3089 1103 3145 dubitare).
1121 3093 1206 3154 (corr.

130 3233 165 3267 m.
182 3221 248 3281 reo.)
292 3166 364 3267 signs
382 3215 407 3266 Μ
460 3218 508 3268 283
527 3221 552 3267 et
570 3212 721 3268 dictiseti
766 3217 822 3303 'nst
843 3211 1013 3281 pyroneusll
1058 3212 1205 3279 pirineusc

130 3355 178 3404 291
199 3368 213 3403 e
231 3367 363 3407 summor
416 3347 521 3403 terrisi
589 3282 776 3440 asapiscdsrip
794 3349 819 3401 Μ
873 3343 1084 3415 discussisque).
1154 3350 1204 3401 295

130 3487 291 3539 salutandum
308 3485 396 3551 (ndum
414 3490 432 3539 i.
449 3486 523 3549 r.)B
558 3436 680 3539 scierim
697 3487 722 3539 Μ
792 3484 960 3604 ἳθθῶιῐιῧξξῑῑ
979 3483 1114 3549 liuguaea
1167 3484 1205 3536 lo·

130 3621 272 3710 quentpsll
340 3625 389 3674 300
414 3622 524 3674 mirantil
547 3625 625 3686 (oros.
644 3621 706 3687 qut
776 3624 822 3674 301
849 3619 988 3688 poenali
1059 3621 1109 3672 302
1133 3622 1206 3670 rica

131 3705 263 3825 pyrdirsll
299 3758 384 3837 pierus
399 3752 417 3843 ,²
469 3706 587 3809 ardisti
655 3760 705 3811 303
723 3753 847 3826 poenisi
898 3755 992 3822 enippe
1010 3752 1036 3805 Μ
1076 3750 1206 3820 auippei.

130 3896 179 3946 aot
198 3893 288 3946 novies
304 3840 416 3958 ΜΜΜΜΜΜ
434 3891 459 3944 Μ
513 3895 563 3946 306
580 3893 699 3946 tebaldus
717 3891 757 3944 u·
791 3894 832 3956 (iu
851 3890 894 3943 blo
912 3895 996 3955 cornl
