2692 4230
109 133 172 198 236
324 185 327 190 .
510 184 513 191 ,
573 144 728 198 1111111111.

109 313 181 377 ratis
203 316 349 398 Apollinei
371 315 479 378 rooslia
502 313 579 375 misit
603 312 634 371 in
657 329 718 373 ora.

110 418 185 480 quae
207 400 286 463 loliis
308 408 443 483 praesuta
466 404 565 458 notam
588 396 654 457 sine
674 396 797 462 vulnere
818 403 896 464 lecit.

109 485 229 548 alterius
251 486 343 548 telum
365 482 441 564 lapis
462 489 521 542 est:
545 481 595 560 qui
618 479 726 541 missus
747 481 865 566 inipso

110 579 177 631 aere
198 578 346 632 concentu
368 566 463 628 rietus
484 565 624 645 vocisque
646 564 784 645 lyraeque
806 579 851 631 est

109 672 144 716 ac
163 654 253 716 relati
275 650 402 733 supplex
424 668 479 730 pro
501 658 559 711 tam
584 649 738 712 furialibus
759 652 838 712 ausis

108 738 288 820 antepedes
310 733 407 796 iacuit.
452 734 502 796 sed
526 735 605 797 enirn
628 735 781 796 temeraria
807 753 946 802 crescunt

108 821 185 884 bella
207 819 372 899 modusque
393 817 475 891 abiit,
497 819 661 901 insanaque
683 828 788 898 regnat
810 819 924 903 Erinys.

110 915 275 986 cunctaque
298 903 353 964 tela
377 902 475 964 lorent
496 915 585 966 cantu
608 902 736 967 mollita:
759 905 809 966 sed
832 905 939 985 ingens

110 991 219 1052 elamor
241 996 272 1050 et
293 986 420 1049 infracto
443 987 616 1069 Berecyntia
638 990 710 1052 tibia
733 1007 826 1050 cornu

110 1083 305 1155 tympanaque
327 1082 356 1133 et
378 1072 500 1154 plausus
522 1085 552 1136 et
574 1075 699 1138 Bacchei
720 1073 850 1136 ululatus

109 1158 301 1238 obstrepuere
322 1174 398 1219 sono
420 1157 560 1221 citharae.
605 1171 669 1222 tuna
690 1159 819 1240 denique
840 1177 908 1221 saxa

110 1259 171 1303 non
194 1241 321 1303 exauditi
343 1241 511 1306 rubuerunt
532 1245 678 1325 sanguin‘e
702 1245 783 1307 ratis

109 1344 143 1387 ao
164 1327 293 1407 primum
314 1328 453 1390 attonitas
475 1330 636 1392 etiamnum
658 1348 730 1392 voce
752 1328 886 1393 canentis

109 1411 279 1484 innumeras
301 1412 435 1476 volucres
455 1432 628 1496 anguesque
648 1433 815 1496 agmenque
835 1414 961 1477 serarum

109 1496 265 1560 Maenades
287 1496 399 1579 Orphei
421 1498 539 1561 titulum
561 1518 688 1578 rapuere
709 1500 863 1580 triumphi.

109 1581 177 1644 inde
199 1583 359 1645 cruentatis
379 1591 534 1643 vertuntur
555 1583 585 1642 in
609 1580 728 1661 Orphea
751 1584 860 1644 dextris

109 1677 137 1728 et
159 1676 269 1729 coeunt
290 1675 324 1727 ut
345 1683 422 1739 ares,
443 1666 469 1727 si
492 1667 611 1746 quando
634 1666 701 1727 luce
722 1676 873 1745 vagantem

110 1751 205 1813 noctis
225 1768 307 1811 arem
330 1760 466 1812 cernunt
511 1759 684 1831 structaque
708 1752 857 1831 utrimque
879 1751 993 1812 theatro

109 1854 161 1897 ceu
184 1834 327 1896 matutina
349 1852 453 1897 cerrus
474 1837 625 1916 periturus
646 1838 755 1899 harena

108 1920 215 1999 praeda
238 1936 344 1980 canum
367 1929 421 1994 est,
442 1930 536 1982 ratem
558 1929 698 2001 repetunt
719 1933 750 1983 et
771 1920 877 1982 lronde
898 1919 1024 1982 virentes

109 2003 262 2065 coniciunt
283 2004 399 2084 thyrsos
421 2023 482 2066 non
503 2006 576 2067 haec
598 2006 628 2066 in
653 2023 775 2066 munera
798 2006 899 2066 laotos.

109 2089 163 2149 hae
185 2087 312 2166 glaebas,
334 2087 401 2150 illae
423 2089 554 2169 direptos
575 2089 683 2150 arbore
704 2108 812 2162 ramos,

110 2191 177 2253 pars
199 2182 339 2252 torquent
359 2173 466 2235 silices.
512 2193 570 2235 neu
593 2172 691 2235 desint
713 2175 769 2235 tela
792 2174 895 2247 furori,

110 2257 184 2318 forte
207 2255 296 2319 hoves
317 2275 419 2338 presso
441 2257 617 2338 subigebant
639 2277 758 2320 vomere
779 2268 895 2334 terram,

110 2360 165 2403 nec
186 2341 290 2423 procul
312 2341 384 2404 hinc
405 2343 499 2404 multo
521 2345 650 2405 fructum
672 2345 780 2405 sudore
802 2355 940 2424 parantes

109 2427 181 2488 dura
203 2425 337 2489 lacertosi
361 2427 512 2489 fodiebant
533 2446 599 2489 arra
623 2427 732 2490 coloni.

108 2512 225 2590 agmine
247 2511 298 2592 qui
321 2512 383 2573 riso
407 2512 525 2591 lugiunt
546 2514 705 2592 operisque
727 2512 900 2593 relinquunt

110 2613 188 2658 arma
210 2596 267 2670 sui,
290 2614 457 2677 vacuosque
479 2598 576 2658 iacent
597 2597 727 2677 dispersa
750 2616 803 2678 per
825 2614 912 2675 agros

109 2680 281 2761 sarculaque
303 2682 451 2762 rastrique
472 2699 574 2760 graves
600 2683 742 2762 longique
764 2682 888 2761 ligones.

109 2783 184 2846 quae
206 2775 361 2846 postquam
385 2783 511 2847 rapuere
534 2768 612 2829 serae
635 2785 790 2847 cornuque
812 2765 942 2828 minaces

108 2849 252 2912 divulsere
273 2849 373 2925 boves,
394 2851 429 2912 ad
452 2852 527 2913 ratis
550 2852 608 2914 lata
631 2862 798 2915 recurrunt.

109 2936 338 3015 tendentemque
359 2953 464 2998 manus
485 2946 575 3016 atque
597 2937 647 2997 illo
669 2947 804 3017 ternpore
825 2936 952 3017 primurn

109 3019 196 3081 inrita
218 3021 365 3083 dicentem
388 3021 624 3101 necquicquam
647 3041 718 3083 voce
741 3029 905 3083 moventem
1154 3028 1183 3077 so

1009 3149 1021 3183 8

177 3178 297 3287 80?th
353 3223 382 3273 11
402 3221 558 3300 qoneentullt
576 3220 601 3272 11
657 3225 687 3274 11
706 3219 844 3273 berioislll
900 3223 929 3273 16
947 3153 1055 3300 inlrlaqto
1069 3218 1093 3270 11
1146 3219 1183 3269 irr-

109 3289 205 3344 llatos
261 3291 291 3341 11
310 3288 426 3351 baecher]
445 3288 566 3340 haebreos
584 3287 610 3339 11
669 3292 701 3343 18
720 3296 810 3342 tunes
868 3291 899 3341 10
918 3283 1099 3342 εοιιωιιιιηολ
1149 3289 1181 3338 11

109 3355 228 3424 triumphi
247 3349 352 3423 ‘margo
372 3356 488 3423 Gryphii
508 3361 534 3407 et
550 3357 734 3414 Ber-smarnos..
753 3357 893 3409 Pluuudss.
928 3357 1035 3423 stoker,
1058 3357 1130 3422 prol.
1147 3353 1184 3405 ad

107 3418 303 3490 Fast.p.178'
358 3424 483 3477 theatrih
547 3425 581 3476 11
600 3425 720 3477 strictos
784 3426 817 3479 16
834 3439 881 3476 eeu
900 3425 987 3476 Heius.
1044 3429 1072 3475 ut
1089 3422 1099 3475 l
1117 3418 1183 3475 crit

109 3498 167 3545 uto
218 3506 277 3611 eppa
293 3490 319 3544 hl
377 3495 409 3546 11
428 3499 514 3545 uatem
533 3499 653 3560 repetunt
670 3496 789 3556 conseo&
807 3497 942 3560 vatemque
960 3492 1089 3560 petunth
1149 3491 1182 3542 18

108 3642 211 3680 numera
229 3633 320 3695 pactos
336 3625 363 3679 11
416 3629 449 3682 11
467 3627 589 3694 deceptos
606 3631 675 3679 cont.
694 3629 782 3680 lisias.
843 3630 875 3680 11
895 3624 1029 3695 torquetl
1081 3629 1113 3680 16
1130 3641 1182 3679 sar·

108 3695 164 3747 enla
187 3697 247 3761 (om.
266 3699 326 3763 qne)
350 3693 366 3748 λ
435 3697 587 3764 sarculaque
611 3703 637 3748 et
659 3714 672 3747 s
741 3696 796 3762 lig]
814 3696 913 3748 minuti
931 3700 957 3760 (u
975 3710 1008 3746 ee
1027 3710 1041 3747 a
1059 3696 1139 3756 corr.)
1156 3691 1182 3745 11

108 3833 139 3884 11
165 3831 254 3883 minaei
279 3832 298 3883 G
368 3833 400 3885 11
423 3831 546 3884 divellere
570 3851 584 3884 a
654 3835 687 3885 11
709 3793 816 3900 primdnr
834 3830 859 3883 11
929 3835 962 3884 10
986 3831 1139 3899 nequiquam
1156 3827 1182 3880 11

105 3904 252 3952 monentem
269 3896 295 3951 11
316 3901 413 3952 habers
429 3899 505 3952 litera
523 3903 596 3951 testu
613 3904 652 3951 est
