2692 4230
109 178 170 242 aee
460 198 462 203 v
513 155 522 162 “
562 184 716 242 unrnoru

191 357 272 431 Quae
292 359 362 421 dum
383 356 522 420 Lucifero
544 354 662 434 genitus
683 355 824 422 miracula
847 370 944 426 narrat
1019 379 1020 383 ’

106 443 144 505 de
164 452 304 507 consorte
323 462 389 518 sno,
411 456 500 503 cursu
522 436 647 500 lestines
667 440 774 502 anhelo

106 527 219 591 advolat
239 527 362 591 armenti
384 531 485 587 custos
504 519 640 585 Phoceus
661 524 775 587 luetur
870 526 873 532 '

107 621 137 674 et
154 606 266 687 ‘Peleu¹
288 608 394 672 Peleul
416 623 540 686 magnae
560 605 614 670 tibi
637 607 761 670 nuntius
782 610 885 675 adsum

107 690 210 759 cladis'
233 697 283 757 ait.
328 691 534 773 quodcumque
555 691 639 769 leret,
660 691 743 754 iubet
764 693 850 756 edere
871 697 985 762 Peleus.

105 781 215 863 pendet
237 787 265 841 et
286 779 296 839 i
318 794 350 838 se
371 782 450 837 metu
472 775 579 858 trepidi
600 776 776 840 Trachinius
798 778 868 841 oris.

105 865 155 927 ille
175 863 280 925 refert:
313 860 406 922 lessus
427 859 463 922 ad
484 859 570 923 litora
591 881 680 925 curra
701 861 843 924 iuvencos

105 947 284 1031 adpuleram,
305 944 400 1006 medio
423 962 491 1007 corn
513 945 565 1007 Sol
585 946 746 1010 altissimus
767 944 840 1008 orbe

104 1040 218 1096 tantum
239 1029 406 1111 respiceret,
429 1043 573 1110 quarum
594 1050 751 1115 superesse
774 1029 894 1104 rideret,

103 1132 231 1199 parsque
250 1113 342 1176 bourn
364 1113 451 1176 fulvis
470 1133 567 1195 genua
589 1117 746 1180 inclinarat
765 1115 884 1178 harenis

103 1201 285 1279 latarumque
306 1199 405 1261 iacens
427 1217 547 1282 campos
568 1201 719 1284 spectabat
739 1218 892 1282 aquarum,

103 1301 171 1365 pars
193 1282 331 1362 gradibus
352 1284 442 1348 tardis
461 1283 534 1349 illuc
554 1286 669 1350 errabat
691 1297 721 1350 et
742 1285 822 1362 illuc,

105 1376 176 1430 nant
196 1366 244 1429 alii
267 1368 406 1450 celsoque
426 1371 537 1433 instant
557 1390 648 1454 snper
668 1389 796 1454 aequora
814 1370 905 1433 collo.

102 1451 210 1536 templa
231 1454 304 1516 mari
327 1454 453 1517 subsunt
474 1474 531 1518 nec
552 1475 699 1518 marmore
721 1458 797 1518 clara
819 1474 918 1538 neque
938 1472 1020 1529 auro,

103 1538 153 1601 sed
174 1537 306 1601 trabibus
326 1538 425 1601 densis
446 1538 574 1620 lucoque
594 1539 733 1602 umbrosa
755 1548 879 1602 vetusto.

101 1621 241 1685 Nereides
261 1623 433 1704 Nereusque
454 1631 572 1685 tenent:
594 1622 651 1683 hos
673 1623 769 1684 navita
790 1625 875 1704 ponti

102 1707 191 1770 edidit
213 1724 277 1767 esse
298 1706 378 1781 deos,
399 1707 471 1768 dum
492 1706 565 1768 retia
586 1705 673 1769 litore
694 1705 794 1770 sicem.
829 1763 831 1768 ,

101 1792 200 1854 iuncta
220 1789 306 1871 palus
326 1790 397 1853 huic
418 1798 474 1867 est,
496 1791 595 1854 densis
616 1790 736 1855 obsessa
757 1789 877 1866 cebetis,

101 1892 189 1957 quam
210 1875 405 1955 restagnantis
425 1876 495 1938 lecit
515 1877 605 1940 maris
629 1877 709 1940 unda
730 1876 878 1959 paludem.

99 1960 169 2022 inde
190 1960 305 2039 fragore
326 1960 404 2040 gravi
426 1961 570 2044 strepitus
590 1960 655 2023 loca
677 1961 949 2043 proximapterret¹

99 2044 185 2106 belua
207 2052 295 2120 vasta,
315 2044 414 2126 lupus,
435 2045 592 2127 iuncisque
613 2044 796 2127 palustribus
818 2045 887 2120 exit,

99 2127 210 2191 oblitus
231 2139 260 2192 et
280 2131 394 2210 spumis
415 2139 445 2192 et
465 2129 561 2213 spisso
583 2130 728 2210 sanguine
749 2129 842 2191 rictus
865 2186 868 2190 Α

100 2214 266 2290 lulmineos,
290 2213 379 2277 rubra
400 2215 532 2277 suffusus
553 2214 666 2278 lumina
688 2215 814 2277 bamma.

97 2298 358 2446 tilbeth
370 2298 752 2465 “iltutttt‘tlttt
767 2299 918 2446 iiiiii

98 2467 185 2531 caede
205 2467 296 2529 boum
318 2468 470 2550 diramque
490 2470 597 2531 tamem
619 2468 714 2544 finire,
736 2467 787 2530 sed
809 2485 898 2529 omne

96 2552 227 2614 vulnerat
248 2562 415 2616 armentum
437 2553 600 2636 sternitque
620 2553 768 2617 hostiliter
788 2570 887 2614 omne.

87 2656 165 2785 llil
186 2636 471 2798 tituletis
487 2640 907 2802 {litteraliter

94 2805 232 2887 undaque
253 2805 346 2889 prima
368 2807 455 2870 rubet
476 2807 701 2890 demugitaeque
721 2804 853 2904 paludes.
1122 2814 1167 2865 375

95 2892 146 2954 sed
169 2909 251 2953 mora
271 2891 412 2954 damnosa
434 2901 490 2968 est,
512 2911 568 2955 nec
588 2911 638 2953 res
659 2891 792 2954 duhrtare
814 2888 946 2951 remittit.

95 2976 166 3038 dum
187 2985 321 3059 superest
342 2976 462 3059 aliquid,
484 2976 585 3039 cuncti
608 2993 746 3040 coeamus
767 2982 797 3036 et
818 2991 909 3047 arma,

162 3173 360 3232 dliadvocntd
404 3180 455 3232 349
467 3173 642 3246 pelepeleul
688 3178 737 3229 351
750 3181 777 3228 et
790 3169 1071 3242 omportnddr‘ditbl'
1115 3176 1165 3223 tre·

93 3241 193 3366 ppdatl
236 3242 416 3311 orislherosl
464 3239 754 3328 dbhgennalulrisl·
782 3239 1000 3298 358N·erelilll¹
1048 3239 1078 3291 N.
1091 3237 1163 3291 etalii

121 3311 133 3346 ⁸
177 3313 410 3367 extantedd.orrte
421 3311 578 3365 herioltum
630 3315 680 3367 359
692 3311 786 3380 mansi!
796 3315 821 3376 (s
833 3308 948 3374 eruatlll
994 3302 1071 3425 neql
1114 3309 1174 3401 360.

92 3398 338 3517 lbeoqzumhrosabl
374 3451 420 3502 tot
434 3449 517 3516 ponti]
528 3447 615 3515 templi
624 3445 869 3500 add.anteb{erlral’
910 3390 1076 3507 actsieebhl
1113 3444 1163 3494 ³65

94 3522 200 3600 ingeri*
214 3535 335 3602 strepitus
352 3520 438 3601 girinis
455 3551 469 3584 a
519 3532 628 3599 strepitu
646 3531 665 3583 G
727 3531 756 3585 lr.
775 3546 813 3599 gr.
830 3529 949 3597 strepitet
965 3529 1073 3592 scripsit
1089 3523 1164 3577 Illaec

93 3627 275 3706 terbellim
327 3652 461 3721 inuusque
478 3653 581 3703 coniaco·
632 3649 700 3702 nire·
734 3663 767 3700 ue
783 3645 810 3700 bl
862 3646 1018 3714 silvisquec·
1069 3642 1164 3722 mucis·

93 3717 273 3789 quellerdel¹
323 3719 442 3789 uirisque
454 3720 594 3772 Burmann
645 3712 825 3786 paludrhnsbl
877 3714 1009 3780 mucisque
1026 3710 1164 3780 paludibus

93 3786 252 3841 eonr'.1³olle
311 3790 358 3841 tet
378 3785 525 3858 spomasbl
583 3793 610 3838 et
628 3801 641 3837 s
660 3786 712 3837 isso
731 3784 820 3835 Hom.
878 3788 905 3835 et
922 3778 1068 3849 sparsusbl
1120 3793 1165 3830 ex-

88 3853 310 3924 persosllerlrel¹
360 3860 387 3909 et
404 3869 523 3911 cuseos
575 3855 625 3909 368
654 3849 820 3906 ulmineusbl
871 3853 920 3904 stt
940 3845 1061 3900 fameoll
1113 3849 1163 3900 stt

78 3937 161 3977 omne
175 3922 203 3986 (e
220 3925 239 3976 ι’,
255 3923 294 3991 r.)
308 3920 337 3976 bl
388 3938 512 3981 omnm
