2692 4230
139 134 178 194 12
595 138 746 193 ΜΕΤΑΜΜ.

138 328 219 372 nune
241 329 334 390 genus
355 313 385 375 in
410 312 495 373 nobis
516 318 605 373 restat
625 310 748 370 mortale
769 309 885 373 duobos

137 395 193 472 (sie
214 396 306 457 visum
328 397 454 478 superis)
476 395 689 473 hominumque
709 393 839 474 exempla
860 389 1031 461 manemus?

136 480 256 555 dixerat,
279 490 308 543 et
330 481 447 543 flebant
490 478 600 560 placuit
621 477 745 538 caeleste
766 482 878 557 precari

137 583 245 627 numen
269 574 298 627 et
318 565 458 627 auxilium
481 580 536 643 per
556 578 653 623 saunas
675 578 814 641 quaerere
835 577 939 630 sortes·

136 648 215 711 nulla
237 668 318 711 mora
340 658 399 712 esta
422 647 530 709 adeunt
550 645 660 726 pariter
680 644 849 726 Cephisidas
869 653 974 729 undas,

136 743 169 795 ιιι
193 735 324 796 nondum
347 732 480 813 liquidas,
501 729 545 790 sie
566 729 622 790 iam
645 729 714 790 vada
737 738 805 790 nota
828 746 970 799 secantes.

136 818 206 879 inde
226 819 277 879 ubi
299 818 404 879 libatos
426 816 592 876 inroravere
613 813 743 894 liquores
1040 830 1043 835 ’

135 902 263 964 vestibus
285 912 315 964 et
335 900 433 980 rapiti,
456 899 579 961 lleetunt
599 898 718 978 vestigia
739 907 856 960 sanetae

135 988 169 1049 ad
193 987 311 1049 delubra
334 988 415 1056 deae,
436 1001 561 1063 quorum
585 984 696 1064 fastigia
718 984 797 1063 turpi

135 1071 284 1153 pallebant
305 1086 406 1130 museo
428 1068 602 1150 stabantque
623 1070 688 1131 sine
711 1069 828 1148 ignibus
848 1086 924 1129 arae.

134 1166 167 1217 ιιι
187 1154 289 1235 templi
312 1153 432 1233 tetigere
454 1156 570 1234 gradus,
593 1154 759 1236 procumbit
780 1163 904 1235 uterque

134 1256 251 1336 pronus
269 1238 350 1299 humi
372 1238 527 1343 gelidoque
549 1258 657 1320 parens
677 1240 757 1300 dedit
777 1243 877 1301 osenla
899 1256 979 1312 saxo

133 1331 221 1403 atque
243 1322 282 1384 ita
301 1316 338 1384 ‘si
360 1317 505 1405 precibus'
529 1316 694 1385 dixerunt‘
698 1325 816 1385 numina
839 1325 923 1386 iustis

133 1407 207 1469 vieta
230 1408 448 1481 remolleseunt
470 1409 495 1470 si
517 1408 673 1470 flectitur
665 1427 706 1469 nra
729 1409 859 1483 deorum,

133 1492 191 1566 tie,
213 1493 327 1568 Themi,
349 1512 405 1574 qua
417 1493 543 1592 'generis
565 1494 703 1554 damnum
726 1493 887 1572 reparabile
911 1496 1003 1556 nostri

134 1588 196 1640 arte
217 1578 265 1652 sit,
288 1587 317 1640 et
337 1579 440 1640 mersis
462 1580 507 1640 ler
527 1595 614 1659 opem
635 1577 796 1650 mitissima,
818 1570 925 1639 rebus.³

135 1672 214 1724 mota
236 1662 289 1724 dea
312 1674 357 1725 est
378 1673 544 1742 sortemque
566 1663 662 1724 dedit·
681 1657 834 1724 ‘discedite
855 1663 967 1745 templo

134 1757 163 1809 et
183 1747 275 1809 relate
297 1756 386 1827 eaput
405 1747 575 1828 cinctasque
596 1747 731 1808 resolvite
751 1758 844 1808 vestes

133 1850 258 1911 ossaque
280 1843 346 1912 post
369 1843 480 1910 tergum
503 1849 625 1910 magnae
648 1832 750 1892 laetate
772 1827 918 1910 parentis?

132 1916 300 1995 obstipuere
322 1916 382 1988 diu,
403 1915 572 2012 rumpitque
593 1914 707 1976 silentia
728 1932 798 1975 voee

132 2000 240 2080 Pyrrha
263 2000 344 2081 prior
366 1999 508 2080 iussisque
530 2000 600 2060 deae
622 2017 724 2080 parere
745 2010 869 2073 recusat,

133 2086 240 2165 detque
262 2084 317 2146 sibi
339 2084 463 2157 veniam,
485 2084 587 2164 parido
609 2094 693 2164 rogat
715 2102 774 2161 ore,
798 2094 940 2164 paretque

132 2169 247 2231 laedere
269 2169 381 2230 iactatis
401 2179 547 2230 maternas
567 2169 684 2230 ossibus
705 2169 832 2229 umbras.

132 2255 243 2316 interea
266 2264 404 2335 repetunt
424 2254 518 2315 raeeis
540 2254 663 2315 obseura
687 2254 804 2315 latebris

130 2339 217 2401 rerba
239 2339 321 2399 datae
343 2339 430 2399 sortis
451 2357 550 2399 seeum
574 2339 650 2400 inter
672 2356 761 2419 seque
783 2337 929 2399 volutant

131 2423 199 2484 inde
222 2422 424 2484 Promethides
446 2423 579 2525 placidis
589 2423 772 2502 Epimethida
794 2424 879 2484 dietis

131 2506 240 2570 mulnet
264 2519 291 2569 et
311 2501 373 2569 ‘aut
395 2499 487 2569 lallax'
511 2509 550 2569 ait
569 2501 629 2568 ‘est
649 2507 777 2569 sollertia
800 2508 896 2581 nobis,

130 2601 181 2654 aut
202 2593 249 2673 pia
271 2603 341 2654 sunt
364 2593 536 2673 nullumque
559 2594 639 2654 netas
661 2593 777 2654 oracula
800 2592 933 2653 suadent.

131 2695 235 2757 magna
259 2697 365 2759 parens
385 2687 461 2739 terra
484 2687 538 2751 est
559 2677 720 2758 lapideam
742 2696 866 2757 corpore
888 2688 983 2739 terrae

130 2780 196 2824 ossa
218 2780 285 2823 reor
306 2762 381 2836 dici;
404 2762 498 2824 iacere
520 2763 574 2823 hos
596 2772 662 2844 post
681 2771 762 2843 terga
786 2754 939 2824 iubemur?
1189 2819 1192 2826 .

132 2847 266 2926 euniitgis
286 2848 409 2925 augurio
432 2865 607 2928 quamquam
629 2847 744 2910 'litania
767 2858 843 2909 mota
867 2858 921 2921 est,
1155 2856 1200 2907 ³95

198 3032 247 3083 ³65
264 3030 342 3081 re'eh
377 3033 426 3084 366
444 3032 526 3083 risum
545 3036 617 3087 este
645 3035 685 3083 est
701 3047 736 3083 ιιι.
753 3048 805 3082 ree
823 3031 885 3082 edd
902 3035 932 3081 in
950 3028 976 3080 Μ
1021 3032 1072 3083 369
1090 3029 1200 3098 eaephe-

130 3098 192 3150 aidis
209 3097 235 3149 Μ
265 3095 447 3164 cephesidasl.
475 3098 635 3167 cephesydoa
651 3117 666 3148 r
711 3103 761 3151 370
778 3105 850 3151 nt-
818 3100 902 3150 -sie
919 3114 967 3149 em.
986 3092 1102 3151 Gronov.
1131 3098 1198 3163 {Et

129 3215 391 3279 ——aethl(alterum
403 3221 537 3281 clerte
560 3216 646 3269 sed-
659 3214 731 3270 sedl
774 3219 820 3270 ttt
841 3217 1013 3270 irrorarerehl
1050 3218 1197 3272 376honro

129 3282 163 3337 λ’
189 3284 259 3338 humi
276 3282 311 3337 λ’
361 3288 408 3339 337
428 3285 556 3338 dixerunt·
578 3286 600 3337 si
618 3283 769 3353 precibust
820 3289 869 3339 3ι8
888 3283 1093 3340 rernuleseunttl
1147 3289 1197 3339 382

129 3423 284 3488 moetasque
300 3419 326 3471 Μ
361 3426 546 3488 moetasquee
575 3417 783 3489 ci'll'netasquel
821 3424 870 3474 384
888 3361 1036 3489 ubsdpuere
1053 3419 1079 3471 ht
1110 3420 1199 3474 obstu-

128 3502 239 3556 puerer
289 3485 442 3555 rupitque}
491 3490 541 3541 386
559 3457 639 3552 obser
661 3504 784 3556 suspensa
806 3489 906 3541 Seneca
959 3491 1009 3542 389
1033 3489 1110 3540 rerba
1138 3488 1195 3571 dep

129 3569 248 3625 ιοιιοιΜ
283 3574 333 3626 396
351 3572 409 3625 inde
426 3591 439 3624 a
456 3575 586 3626 Peraean.
612 3572 701 3626 hinec
727 3573 793 3626 unde
811 3575 1109 3640 exaliquortrtsetanr
1120 3575 1198 3627 codd.

516 3655 527 3710 l
538 3658 675 3779 placidis²²

128 3724 230 3777 Merkel
261 3725 486 3795 promeehyadesa
520 3727 675 3795 pacidamq
694 3725 720 3777 Μ
755 3729 801 3780 391
816 3728 923 3780 mulcet·
936 3699 982 3811 ⁸¹¹}
998 3729 1031 3793 llll
1042 3727 1121 3780 fallax
1134 3728 1183 3778 alls
1186 3733 1197 3778 t

229 3808 241 3842 a

120 3875 154 3926 Μ
175 3808 282 3929 ιὲιιειιὶι
299 3876 326 3929 Μ
352 3875 493 3932 solereial
527 3881 577 3932 392
593 3880 637 3931 Αι
653 3878 696 3930 Μ1
726 3877 833 3930 nuent
