2692 4230
137 133 219 171 neom
481 121 520 186 vr,
538 121 683 173 oar-tar.
719 116 770 182 vu,
791 121 882 171 1-ao.
1151 118 1211 179 137

470 385 609 472 LIBER
636 388 881 474 SEPTIMUS.

135 562 257 644 lamque
278 563 387 623 fretum
409 558 526 638 Minyae
547 560 691 641 Pagasaea
713 580 815 642 puppe
838 560 978 622 secabant

136 657 338 730 perpetuaque
361 644 481 706 trahens
502 646 623 728 inopem
645 645 700 706 sub
725 653 812 705 nocte
834 655 983 708 senectam

55 736 58 740 ’
135 733 265 795 Phineus
288 729 368 790 visus
391 739 463 806 erat,
485 731 665 810 iuvenesque
687 729 835 808 Aquilone
857 731 947 792 creati

136 817 282 895 virgineas
303 813 438 877 volucres
460 817 558 878 miseri
580 815 660 876 senis
682 832 735 874 ore
760 814 907 892 fugarant,

134 901 288 979 multaque
309 902 444 982 perpessi
467 902 545 963 claro
568 899 623 959 sub
646 898 751 960 lasone
772 900 892 960 tandem

135 984 324 1062 contigerant
344 987 461 1066 rapidas
482 983 580 1047 limosi
602 982 736 1046 Phasidis
758 985 863 1046 undas.

134 1070 266 1149 dumque
287 1071 398 1133 adeunt
419 1087 520 1149 regem
541 1068 726 1148 Phrixeaque
747 1069 854 1130 vellera
878 1076 1017 1149 poscunt,

134 1154 241 1234 lexque
263 1156 349 1217 datur
372 1155 479 1233 Minyis
500 1171 674 1232 magnorum
694 1155 841 1216 horrenda
864 1153 1009 1229 laborum,

135 1239 269 1320 concipit
289 1241 403 1301 interea
425 1238 536 1300 validos
558 1240 673 1300 Aeetias
695 1239 789 1318 ignes.

134 1333 163 1385 et
184 1325 293 1386 luctata
316 1324 377 1396 diu,
401 1333 557 1405 postquam
580 1325 697 1386 ratione
719 1324 849 1385 furorem

133 1410 253 1471 vincere
276 1427 338 1470 non
361 1417 485 1488 poterat,
505 1403 636 1491 ‘trustra,
659 1409 770 1483 Medea,
792 1425 959 1489 repugnas:

134 1495 234 1556 nescio
258 1493 325 1573 quis
347 1493 420 1555 deus
442 1488 547 1555 obstat'
571 1494 627 1554 ait:
647 1485 839 1574 ‘mirumque
864 1492 921 1553 nisi
944 1494 1002 1555 hoc
1025 1504 1078 1566 est,

132 1588 184 1641 aut
203 1577 315 1658 aliquid
339 1588 420 1640 certe
443 1578 539 1640 simile
560 1579 640 1652 huic,
665 1579 745 1658 quod
767 1596 865 1640 amare
886 1585 1018 1641 vocatur.

133 1682 201 1725 nam
223 1682 279 1724 cur
299 1662 380 1724 iussa
402 1664 496 1744 patris
518 1663 642 1725 nimium
664 1663 737 1724 mihi
755 1664 827 1725 dura
849 1661 1009 1725 videntur?

132 1756 203 1810 sunt
225 1766 346 1827 quoque
368 1749 441 1809 dura
464 1748 562 1810 nimis.
607 1767 672 1824 cur,
694 1767 781 1828 quem
804 1748 893 1809 modo
916 1749 1044 1830 denique
1066 1747 1132 1822 ridi,
1183 1758 1210 1808 15

133 1852 171 1894 ne
194 1843 306 1914 pereat,
329 1831 444 1894 timeo?
466 1851 541 1913 quae
562 1833 636 1895 tanti
659 1852 746 1894 causa
768 1830 906 1894 timoris?

133 1927 237 1979 excute
259 1917 394 1997 virgineo
417 1927 577 2000 conceptas
598 1927 720 1999 pectore
742 1919 886 1990 llammas,

133 2003 157 2064 si
180 2012 275 2084 potes,
298 2002 409 2064 infelix.
432 2004 522 2065 -si
545 2022 673 2085 possem,
695 2005 796 2065 sanior
818 2023 923 2064 essem.

131 2088 182 2149 sed
205 2097 305 2166 gravat
327 2089 449 2150 invitam
473 2107 546 2150 nora
568 2088 621 2161 vis,
643 2089 783 2168 aliudque
805 2087 926 2168 cupido,

132 2190 217 2234 mens
238 2172 319 2234 aliud
341 2174 453 2235 suadet.
498 2173 582 2235 video
609 2173 729 2235 meliora
749 2173 916 2255 proboque,

132 2258 278 2320 deteriora
301 2276 420 2338 sequor.
466 2259 537 2339 quid
559 2259 590 2320 in
614 2259 742 2340 hospite,
765 2259 845 2338 regia
866 2259 960 2338 uirgo,

132 2344 227 2404 ureris
249 2352 279 2405 et
301 2343 446 2405 thalamos
468 2344 556 2405 alieni
579 2345 713 2424 concipis
740 2341 843 2406 orbis?

130 2429 204 2489 haec
227 2447 348 2508 quoque
371 2437 448 2490 terra
470 2437 580 2509 potest,
602 2430 681 2509 quod
704 2448 795 2503 ames,
817 2429 897 2489 dare.
941 2427 1018 2488 vivat
1040 2445 1078 2488 an
1102 2426 1150 2488 ille

131 2513 258 2589 occidat,
281 2514 312 2574 in
335 2513 381 2574 dis
404 2523 459 2574 est.
502 2513 578 2576 vivat
598 2523 713 2576 tamen:
738 2514 827 2593 idque
849 2511 964 2594 precari

130 2597 176 2659 vel
198 2599 264 2659 sine
286 2616 387 2660 amore
408 2598 487 2660 licet
532 2599 601 2679 quid
625 2600 704 2660 enim
728 2598 877 2660 commisit
898 2594 1008 2658 lason?
1184 2607 1212 2657 25

131 2702 241 2764 quem,
254 2684 311 2744 nisi
333 2684 494 2760 crudelem,
517 2703 579 2745 non
602 2694 702 2763 tangat
723 2684 838 2744 lasonis
860 2691 939 2744 aetas

131 2778 161 2829 et
182 2787 278 2848 genus
300 2777 330 2830 et
352 2767 470 2830 virtus?
493 2788 581 2849 quem
604 2788 677 2844 nou,
698 2780 732 2830 ut
754 2779 851 2830 cetera
873 2766 980 2842 desint,

131 2873 183 2915 ore
205 2871 323 2915 movere
345 2852 467 2934 potest?
490 2863 569 2916 certe
591 2873 655 2916 mea
678 2865 798 2935 pectora
820 2852 921 2913 morit.

106 2930 160 2999 'at
184 2939 241 2999 nisi
265 2957 355 3019 opem
378 2939 485 3013 tulero,
507 2949 661 3002 taurorum
683 2939 841 3000 adllabitur
864 2955 917 2998 ore

131 3034 353 3104 concurretque
375 3042 445 3084 suae
469 3025 570 3103 segeti,
593 3025 699 3086 tellure
722 3025 826 3085 creatis
1184 3031 1212 3081 30

199 3206 276 3271 Vll‚l
297 3208 418 3275 myniqc
464 3211 559 3277 myniae
571 3209 598 3261 M
645 3225 783 3276 pegaseac
836 3155 1023 3273 lMgitrantM
1074 3205 1210 3259 dlimosae

130 3359 155 3411 M
196 3359 327 3416 lasidosr
397 3291 600 3428 Sliisiquedl¹
646 3359 772 3428 risquel
821 3377 956 3429 voxquee
1002 3361 1096 3429 lexque
1114 3361 1212 3423 Heius,

130 3429 243 3496 Bentley
296 3429 383 3481 miniis
397 3430 473 3482 codd.
485 3430 650 3494 Dresdeuais,
665 3429 811 3495 Gothonus,
827 3433 968 3482 Perusinos
980 3431 1049 3481 oller·
1101 3429 1210 3480 nunteris

746 3515 757 3544 2

130 3582 152 3632 Α
205 3582 322 3634 doetias
339 3581 367 3634 M
413 3580 538 3652 etetiasi.
592 3515 772 3651 wlggiiiti
824 3584 874 3636 nisi
892 3585 1062 3636 ooniHeins.
1114 3582 1209 3650 quidni

132 3738 163 3788 13
181 3666 351 3787 lriiileeiiiir'i.
408 3738 438 3788 16
456 3739 486 3787 in
504 3739 720 3802 morg.am.1:
739 3736 874 3789 lurorisM
931 3739 961 3788 19
981 3737 1081 3803 gravat]
1101 3735 1211 3791 trahit:

130 3803 185 3856 visa
202 3803 284 3870 lrudq:
302 3803 330 3867 (d
347 3820 382 3853 ex
400 3806 421 3866 t)
438 3802 465 3854 M
517 3807 551 3857 26
569 3805 665 3858 iasonis
683 3805 718 3871 (ia
736 3823 771 3856 ex
788 3806 824 3868 io)
843 3804 869 3856 M
922 3808 955 3857 29
976 3805 1029 3870 ore]
1049 3806 1107 3871 igue
1123 3805 1211 3857 Meim.

131 3876 163 3925 30
181 3874 263 3938 segeti
282 3871 353 3923 Dan.
372 3872 461 3922 Heius.
514 3874 609 3938 segetis
627 3874 650 3923 Α
