2692 4230
127 121 243 161 ommes
482 107 524 174 rx,
541 108 686 160 rso-roo.
720 107 752 173 x,
771 111 861 162 i-ss.
1140 109 1201 171 215

129 297 220 343 causa
241 281 303 343 riae
326 290 371 342 est
392 276 532 350 coniunx,
558 275 589 338 in
613 295 700 360 quam
722 276 830 342 calcata
852 295 998 341 venenum

130 365 230 449 ripera
252 363 371 428 diffudit
392 369 619 444 crescentesque
641 363 761 427 abstulit
782 382 886 427 annos.

130 469 220 532 posse
241 449 305 532 pati
326 443 406 508 volui
429 462 484 507 nec
506 465 554 509 me
575 456 735 530 temptasse
757 448 886 529 negabo:
1173 457 1202 510 aa

130 535 201 598 vicit
222 537 324 596 Amor.
369 547 477 611 supera
500 532 574 594 deus
595 534 644 597 hic
665 533 743 596 hene
765 543 853 597 notus
875 535 905 597 in
928 551 978 596 ora
1001 541 1054 607 est,

129 639 169 682 an
192 618 231 681 sit
253 627 282 679 et
303 615 363 689 hic,
386 613 499 679 dubito.
542 619 595 680 sed
617 626 648 679 et
668 617 717 680 hic
741 627 837 682 tamen
860 637 989 700 auguror
1010 637 1083 692 esse,

132 704 267 784 famaque
288 700 314 762 si
336 700 443 762 veteris
466 720 526 764 non
549 712 594 764 est
614 701 738 763 mentita
760 703 892 784 rapinae,

131 806 184 849 ros
206 803 326 868 quoque
347 783 444 848 iunxit
464 789 565 849 Amor.
609 804 666 866 per
690 803 745 866 ego
767 787 840 847 haec
860 786 925 850 loca
947 787 1034 869 plena
1055 787 1180 865 timoris,

132 891 187 954 per
208 870 304 932 Chaos
324 871 383 934 hoo
405 872 511 952 ingens
531 870 664 950 vastique
685 868 800 944 silentia
821 871 916 949 regni,
1173 882 1203 934 oo

131 954 303 1035 Eurydices,
326 974 391 1032 oro,
412 964 569 1038 properata
591 954 715 1017 retexite
736 954 802 1017 lata.

132 1039 232 1101 omnia
255 1041 401 1104 debentur
422 1039 515 1113 vohis,
537 1037 719 1121 paulumque
744 1041 848 1103 morati

132 1124 228 1188 serius
248 1136 298 1189 aut
320 1126 409 1188 citius
430 1124 530 1187 sedem
551 1142 748 1208 properamus
768 1126 805 1188 ad
826 1143 925 1188 unam.

133 1210 283 1274 tendimus
304 1211 365 1274 huc
388 1227 501 1282 omnes,
523 1211 597 1273 haec
619 1211 790 1273 est'domus
810 1210 923 1285 ultima,
948 1228 1058 1292 vosque

131 1295 254 1359 humani
277 1294 397 1375 generis
418 1294 589 1375 longissima
610 1313 703 1374 regna
724 1295 840 1358 tenetis.

131 1380 205 1443 haec
228 1399 358 1462 quoque,
380 1398 448 1442 cum
471 1381 565 1442 iustos
587 1388 703 1442 matura
725 1378 872 1460 peregerit
896 1396 1000 1453 annos,

132 1464 206 1527 iuris
228 1464 284 1527 erit
304 1464 413 1526 vestri:
436 1482 492 1549 pro
514 1481 638 1526 munere
660 1464 812 1544 poscimus
833 1481 930 1526 usum.

131 1549 260 1631 quodsi
283 1548 340 1611 lata
365 1557 476 1628 negant
496 1548 610 1611 veniam
634 1566 689 1632 pro
712 1549 849 1628 coniuge,
871 1559 984 1612 certum
1008 1560 1051 1611 est

132 1633 212 1696 nolle
234 1634 331 1696 redire
353 1633 444 1695 mihi:
466 1631 526 1696 leto
549 1634 674 1715 gaudete
695 1627 840 1697 duorum.³
1106 1628 1110 1634 ’

131 1717 200 1780 talia
222 1718 369 1781 dicentem
392 1737 558 1800 nervosque
580 1720 616 1782 ad
638 1720 727 1782 rerha
748 1727 912 1781 moventem

132 1803 432 1884 exsangues'ilehant
453 1803 582 1883 animae:
610 1822 666 1867 nec
687 1804 828 1866 Tantalus
849 1803 957 1866 undam

130 1888 260 1970 captarit
281 1888 425 1969 refugam,
446 1890 622 1971 stupuitque
642 1889 754 1952 Ixionis
775 1889 865 1964 orbis,
926 1888 928 1892 ’

133 1991 189 2035 nec
212 1992 349 2056 carpsere
371 1973 455 2036 iecur
475 1973 621 2048 volucres,
643 1975 785 2056 urnisque
807 1982 946 2037 mearunt

132 2057 266 2133 Belides,
281 2058 374 2139 inque
397 2067 450 2120 tuo
472 2059 582 2133 sedisti,
606 2059 741 2142 Sisyphe,
764 2077 843 2121 saro.

131 2152 206 2205 tunc
227 2143 358 2225 primum
380 2142 510 2205 lacrimis
531 2144 673 2207 victarum
696 2144 826 2206 carmine
847 2143 923 2204 lama
945 2154 989 2206 est

133 2228 332 2290 Eumenidum
355 2229 504 2291 maduisse
526 2246 626 2309 genas.
671 2247 726 2292 neo
747 2229 828 2309 regia
849 2228 979 2292 coniunx

131 2313 259 2375 sustinet
281 2313 377 2375 oranti
401 2332 458 2376 nec
480 2314 531 2394 qui
553 2313 630 2394 regit
652 2314 709 2377 ima
732 2332 840 2393 negare

107 2409 113 2422 ·
132 2397 362 2479 Eurydicenque
383 2407 499 2460 vocant.
542 2398 664 2461 umbras
686 2410 748 2460 erat
770 2398 818 2460 illa
839 2406 974 2460 recentes

131 2483 211 2545 inter
234 2492 263 2544 et
284 2483 408 2545 incessit
428 2501 517 2565 passu
539 2483 576 2544 de
598 2483 720 2546 vulnere
741 2484 833 2546 tardo.

131 2568 209 2630 hanc
230 2566 320 2630 simul
342 2578 372 2630 et
391 2567 487 2649 legem
510 2567 702 2651 Rhodopeius
723 2568 830 2650 accipit
855 2568 1001 2651 Orpheus,

132 2671 170 2714 ne
192 2653 289 2715 flectat
311 2662 391 2715 retro
414 2672 466 2716 sua
489 2652 612 2728 lumina,
634 2655 730 2716 donec
752 2655 879 2715 Avernas

131 2737 237 2799 exierit
257 2736 360 2802 valles:
383 2746 435 2800 aut
456 2738 545 2800 inrita
567 2739 645 2801 dona
668 2738 775 2801 lutura.

132 2822 264 2904 carpitur
284 2822 405 2884 adclivis
427 2842 481 2904 per
503 2832 584 2886 muta
606 2824 722 2887 silentia
744 2833 860 2903 trames,

131 2906 252 2983 arduus,
274 2906 431 2983 obscurus,
453 2907 579 2987 caligine
601 2910 711 2971 densus
732 2926 833 2990 opaca.

132 3011 188 3054 nec
210 2991 314 3074 procul
336 2992 476 3056 aluerunt
497 2993 612 3056 telluris
633 2994 766 3074 margine
788 3008 935 3055 summaer

132 3077 190 3151 hic,
215 3097 252 3139 ne
273 3077 422 3150 deiiceret,
445 3087 582 3140 metuens
604 3080 765 3160 avidusque
785 3076 900 3140 videndi

132 3161 214 3223 flexit
235 3181 338 3225 amans
360 3163 479 3225 oculos:
504 3173 533 3225 et
555 3165 692 3245 protinus
714 3165 763 3225 illa
784 3162 898 3243 relapsa
920 3170 975 3233 est,

132 3245 327 3327 bracchiaque
350 3248 509 3310 intendens
531 3250 696 3329 prendique
718 3259 747 3310 et
769 3247 913 3329 prendere
935 3254 1051 3308 certans

201 3399 233 3450 2³
252 3402 291 3448 est
310 3413 391 3450 om.a
443 3400 476 3451 24
493 3396 635 3486 ahslqlitl
695 3402 727 3454 25
745 3398 836 3465 s'oluill
852 3398 900 3460 (or.
920 3395 982 3460 ult
1044 3398 1076 3448 26
1094 3394 1204 3447 vincito

132 3534 163 3584 at
183 3540 209 3584 et
228 3531 315 3585 om.hi
369 3535 402 3586 29
421 3480 631 3601 iuffiqqoqgom
684 3536 717 3586 32
734 3529 1116 3598 dehemus-paptulumqueht
1171 3533 1203 3584 33

131 3615 297 3668 properemus
315 3598 341 3652 Μ
394 3604 428 3654 st
446 3616 544 3669 rosque
562 3620 598 3654 ea
617 3617 718 3670 noxque
736 3598 848 3653 cornill
904 3601 936 3653 33
955 3597 1064 3665 gandete
1081 3614 1152 3650 corr.
1169 3615 1205 3650 ec

131 3736 243 3802 gaudere
260 3735 286 3789 Μ
349 3739 383 3791 45
407 3738 519 3792 carmine
543 3739 568 3799 (e
587 3753 658 3790 corr.
675 3754 711 3789 ec
728 3740 754 3801 a)
771 3735 797 3788 Μ
859 3738 893 3789 46
915 3698 1075 3787 eurrddnldum
1093 3732 1118 3785 Μ
1170 3735 1204 3787 48

132 3801 358 3874 eurycidenquel.
410 3808 443 3860 50
462 3804 589 3872 rodopeus
607 3803 633 3856 Μ
685 3804 719 3857 Or
737 3804 801 3857 heus
818 3805 848 3868 A,
866 3803 942 3856 heros
960 3804 1047 3855 Helm
1098 3806 1130 3855 55
1149 3800 1205 3853 alu·

131 3879 235 3924 erantc
288 3875 320 3927 58
339 3878 446 3941 captans
463 3891 490 3931 ες
508 3879 593 3925 certus
612 3876 682 3926 roni,
729 3872 817 3924 erle!²
