<?xml version="1.0" encoding="UTF-8"?>
<!DOCTYPE html PUBLIC "-//W3C//DTD XHTML 1.0 Transitional//EN"
    "http://www.w3.org/TR/xhtml1/DTD/xhtml1-transitional.dtd">
<html xmlns="http://www.w3.org/1999/xhtml" xml:lang="en" lang="en">
 <head>
  <title>
</title>
<meta http-equiv="Content-Type" content="text/html;charset=utf-8" />
  <meta name='ocr-system' content='tesseract 3.04.00' />
  <meta name='ocr-capabilities' content='ocr_page ocr_carea ocr_par ocr_line ocrx_word'/>
</head>
<body>
  <div class='ocr_page' id='page_1' title='image "./povidinasonisme00korngoog_0061.png"; bbox 0 0 2692 4230; ppageno 0'>
   <div class='ocr_carea' id='block_1_1' title="bbox 140 139 760 204">
    <p class='ocr_par' dir='ltr' id='par_1_1' title="bbox 140 139 760 204">
     <span class='ocr_line' id='line_1_1' title="bbox 140 139 760 204; baseline 0.01 -6"><span class='ocrx_word' id='word_1_1' title='bbox 140 139 180 199; x_wconf 77' lang='grc'><strong>44</strong></span> <span class='ocrx_word' id='word_1_2' title='bbox 606 150 760 204; x_wconf 73' lang='lat' dir='ltr'><strong>Moratum.</strong></span> 
     </span>
    </p>
   </div>
   <div class='ocr_carea' id='block_1_2' title="bbox 132 320 1118 3281">
    <p class='ocr_par' dir='ltr' id='par_1_2' title="bbox 140 320 1019 404">
     <span class='ocr_line' id='line_1_2' title="bbox 140 320 1019 404; baseline 0.005 -24"><span class='ocrx_word' id='word_1_3' title='bbox 140 320 190 381; x_wconf 92' lang='lat' dir='ltr'><strong>sed</strong></span> <span class='ocrx_word' id='word_1_4' title='bbox 213 321 379 383; x_wconf 90' lang='lat' dir='ltr'><strong>simulantis</strong></span> <span class='ocrx_word' id='word_1_5' title='bbox 401 339 519 402; x_wconf 80' lang='lat' dir='ltr'><strong>equam,</strong></span> <span class='ocrx_word' id='word_1_6' title='bbox 541 338 690 399; x_wconf 84' lang='lat' dir='ltr'><strong>parvoque</strong></span> <span class='ocrx_word' id='word_1_7' title='bbox 712 321 743 380; x_wconf 92' lang='lat' dir='ltr'><strong>in</strong></span> <span class='ocrx_word' id='word_1_8' title='bbox 766 332 899 404; x_wconf 91' lang='lat' dir='ltr'><strong>tempore</strong></span> <span class='ocrx_word' id='word_1_9' title='bbox 921 331 1019 384; x_wconf 88' lang='lat' dir='ltr'><strong>certos</strong></span> 
     </span>
    </p>

    <p class='ocr_par' dir='ltr' id='par_1_3' title="bbox 140 403 898 470">
     <span class='ocr_line' id='line_1_3' title="bbox 140 403 898 470; baseline 0.004 -5"><span class='ocrx_word' id='word_1_10' title='bbox 140 405 229 467; x_wconf 80' lang='lat' dir='ltr'>edidit</span> <span class='ocrx_word' id='word_1_11' title='bbox 251 405 387 469; x_wconf 80' lang='lat' dir='ltr'><strong>hinnitus</strong></span> <span class='ocrx_word' id='word_1_12' title='bbox 409 416 437 467; x_wconf 87' lang='lat' dir='ltr'><strong>ot</strong></span> <span class='ocrx_word' id='word_1_13' title='bbox 459 403 594 467; x_wconf 82' lang='lat' dir='ltr'><strong>bracchia</strong></span> <span class='ocrx_word' id='word_1_14' title='bbox 618 404 709 465; x_wconf 87' lang='lat' dir='ltr'><strong>movit</strong></span> <span class='ocrx_word' id='word_1_15' title='bbox 729 405 760 465; x_wconf 95' lang='lat' dir='ltr'><strong>in</strong></span> <span class='ocrx_word' id='word_1_16' title='bbox 784 407 898 470; x_wconf 91' lang='lat' dir='ltr'><strong>herbas.</strong></span> 
     </span>
    </p>

    <p class='ocr_par' dir='ltr' id='par_1_4' title="bbox 139 486 877 570">
     <span class='ocr_line' id='line_1_4' title="bbox 139 486 877 570; baseline 0.005 -21"><span class='ocrx_word' id='word_1_17' title='bbox 139 498 201 550; x_wconf 92' lang='lat' dir='ltr'><strong>tum</strong></span> <span class='ocrx_word' id='word_1_18' title='bbox 223 491 306 570; x_wconf 83' lang='lat' dir='ltr'><strong>digiti</strong></span> <span class='ocrx_word' id='word_1_19' title='bbox 328 500 438 552; x_wconf 76' lang='lat' dir='ltr'><strong>coeunt</strong></span> <span class='ocrx_word' id='word_1_20' title='bbox 460 497 489 549; x_wconf 93' lang='lat' dir='ltr'><strong>et</strong></span> <span class='ocrx_word' id='word_1_21' title='bbox 510 486 619 565; x_wconf 89' lang='lat' dir='ltr'><strong>quinos</strong></span> <span class='ocrx_word' id='word_1_22' title='bbox 640 487 740 566; x_wconf 87' lang='lat' dir='ltr'><strong>alligat</strong></span> <span class='ocrx_word' id='word_1_23' title='bbox 761 509 877 569; x_wconf 88' lang='lat' dir='ltr'><strong>ungues</strong></span> 
     </span>
    </p>

    <p class='ocr_par' dir='ltr' id='par_1_5' title="bbox 140 571 900 655">
     <span class='ocr_line' id='line_1_5' title="bbox 140 571 900 655; baseline 0.003 -20"><span class='ocrx_word' id='word_1_24' title='bbox 140 587 283 655; x_wconf 88' lang='lat' dir='ltr'><strong>perpetuo</strong></span> <span class='ocrx_word' id='word_1_25' title='bbox 306 593 401 636; x_wconf 91' lang='lat' dir='ltr'><strong>cornu</strong></span> <span class='ocrx_word' id='word_1_26' title='bbox 424 572 496 633; x_wconf 82' lang='lat' dir='ltr'><strong>levis</strong></span> <span class='ocrx_word' id='word_1_27' title='bbox 517 571 639 648; x_wconf 85' lang='lat' dir='ltr'><strong>ungula,</strong></span> <span class='ocrx_word' id='word_1_28' title='bbox 661 574 767 633; x_wconf 89' lang='lat' dir='ltr'><strong>crescit</strong></span> <span class='ocrx_word' id='word_1_29' title='bbox 789 585 817 634; x_wconf 92' lang='lat' dir='ltr'><strong>et</strong></span> <span class='ocrx_word' id='word_1_30' title='bbox 839 578 900 638; x_wconf 91' lang='lat' dir='ltr'><strong>oris</strong></span> 
     </span>
    </p>

    <p class='ocr_par' dir='ltr' id='par_1_6' title="bbox 140 655 903 741">
     <span class='ocr_line' id='line_1_6' title="bbox 140 655 903 741; baseline 0.003 -22"><span class='ocrx_word' id='word_1_31' title='bbox 140 669 169 720; x_wconf 90' lang='lat' dir='ltr'><strong>et</strong></span> <span class='ocrx_word' id='word_1_32' title='bbox 190 660 258 721; x_wconf 93' lang='lat' dir='ltr'><strong>colli</strong></span> <span class='ocrx_word' id='word_1_33' title='bbox 281 661 420 741; x_wconf 83' lang='lat' dir='ltr'><strong>spatium,</strong></span> <span class='ocrx_word' id='word_1_34' title='bbox 442 655 549 732; x_wconf 86' lang='lat' dir='ltr'><strong>longae</strong></span> <span class='ocrx_word' id='word_1_35' title='bbox 571 673 640 734; x_wconf 87' lang='lat' dir='ltr'><strong>pars</strong></span> <span class='ocrx_word' id='word_1_36' title='bbox 661 657 785 717; x_wconf 84' lang='lat' dir='ltr'><strong>maxima</strong></span> <span class='ocrx_word' id='word_1_37' title='bbox 809 660 903 737; x_wconf 91' lang='lat' dir='ltr'><strong>pallae</strong></span> 
     </span>
    </p>

    <p class='ocr_par' dir='ltr' id='par_1_7' title="bbox 140 738 952 823">
     <span class='ocr_line' id='line_1_7' title="bbox 140 738 952 823; baseline 0.002 -19"><span class='ocrx_word' id='word_1_38' title='bbox 140 745 230 804; x_wconf 89' lang='lat' dir='ltr'><strong>cauda</strong></span> <span class='ocrx_word' id='word_1_39' title='bbox 252 746 295 819; x_wconf 85' lang='lat' dir='ltr'><strong>stt,</strong></span> <span class='ocrx_word' id='word_1_40' title='bbox 318 755 410 823; x_wconf 90' lang='lat' dir='ltr'><strong>utque</strong></span> <span class='ocrx_word' id='word_1_41' title='bbox 431 738 495 816; x_wconf 87' lang='lat' dir='ltr'><strong>vagi</strong></span> <span class='ocrx_word' id='word_1_42' title='bbox 518 738 615 799; x_wconf 88' lang='lat' dir='ltr'><strong>crines</strong></span> <span class='ocrx_word' id='word_1_43' title='bbox 636 759 691 819; x_wconf 93' lang='lat' dir='ltr'><strong>per</strong></span> <span class='ocrx_word' id='word_1_44' title='bbox 713 740 786 802; x_wconf 92' lang='lat' dir='ltr'><strong>colla</strong></span> <span class='ocrx_word' id='word_1_45' title='bbox 809 742 952 818; x_wconf 86' lang='lat' dir='ltr'><strong>iacebant,</strong></span> 
     </span>
    </p>

    <p class='ocr_par' dir='ltr' id='par_1_8' title="bbox 140 822 938 905">
     <span class='ocr_line' id='line_1_8' title="bbox 140 822 938 905; baseline 0.003 -18"><span class='ocrx_word' id='word_1_46' title='bbox 140 827 169 888; x_wconf 91' lang='lat' dir='ltr'><strong>in</strong></span> <span class='ocrx_word' id='word_1_47' title='bbox 192 829 307 889; x_wconf 85' lang='lat' dir='ltr'><strong>dextras</strong></span> <span class='ocrx_word' id='word_1_48' title='bbox 328 826 429 888; x_wconf 92' lang='lat' dir='ltr'><strong>abiere</strong></span> <span class='ocrx_word' id='word_1_49' title='bbox 452 822 550 884; x_wconf 88' lang='lat' dir='ltr'><strong>iubas:</strong></span> <span class='ocrx_word' id='word_1_50' title='bbox 575 823 744 905; x_wconf 80' lang='lat' dir='ltr'><strong>pariterque</strong></span> <span class='ocrx_word' id='word_1_51' title='bbox 767 836 871 887; x_wconf 81' lang='lat' dir='ltr'><strong>novata</strong></span> <span class='ocrx_word' id='word_1_52' title='bbox 894 839 938 889; x_wconf 90' lang='lat' dir='ltr'><strong>est</strong></span> 
     </span>
    </p>

    <p class='ocr_par' dir='ltr' id='par_1_9' title="bbox 140 910 1034 1075">
     <span class='ocr_line' id='line_1_9' title="bbox 140 910 989 989; baseline -0.001 -16"><span class='ocrx_word' id='word_1_53' title='bbox 140 922 169 973; x_wconf 90' lang='lat' dir='ltr'><strong>et</strong></span> <span class='ocrx_word' id='word_1_54' title='bbox 190 932 244 973; x_wconf 85' lang='lat' dir='ltr'><strong>vox</strong></span> <span class='ocrx_word' id='word_1_55' title='bbox 267 923 295 974; x_wconf 91' lang='lat' dir='ltr'><strong>et</strong></span> <span class='ocrx_word' id='word_1_56' title='bbox 317 910 422 981; x_wconf 79' lang='lat' dir='ltr'><strong>lacios3</strong></span> <span class='ocrx_word' id='word_1_57' title='bbox 446 924 555 968; x_wconf 87' lang='lat' dir='ltr'><strong>nomen</strong></span> <span class='ocrx_word' id='word_1_58' title='bbox 578 927 698 989; x_wconf 88' lang='lat' dir='ltr'><strong>quoque</strong></span> <span class='ocrx_word' id='word_1_59' title='bbox 720 919 851 971; x_wconf 88' lang='lat' dir='ltr'><strong>monstra</strong></span> <span class='ocrx_word' id='word_1_60' title='bbox 872 912 989 973; x_wconf 88' lang='lat' dir='ltr'><strong>dedere.</strong></span> 
     </span>
     <span class='ocr_line' id='line_1_10' title="bbox 224 995 1034 1075; baseline 0 -17"><span class='ocrx_word' id='word_1_61' title='bbox 224 997 325 1058; x_wconf 84' lang='lat' dir='ltr'><strong>Flebat</strong></span> <span class='ocrx_word' id='word_1_62' title='bbox 347 1010 494 1074; x_wconf 82' lang='lat' dir='ltr'><strong>opemque</strong></span> <span class='ocrx_word' id='word_1_63' title='bbox 516 1001 596 1054; x_wconf 88' lang='lat' dir='ltr'><strong>tuam</strong></span> <span class='ocrx_word' id='word_1_64' title='bbox 619 995 726 1057; x_wconf 81' lang='lat' dir='ltr'><strong>frustra</strong></span> <span class='ocrx_word' id='word_1_65' title='bbox 749 995 914 1075; x_wconf 76' lang='lat' dir='ltr'><strong>Philyreius</strong></span> <span class='ocrx_word' id='word_1_66' title='bbox 936 995 1034 1074; x_wconf 89' lang='lat' dir='ltr'><strong>heros,</strong></span> 
     </span>
    </p>

    <p class='ocr_par' dir='ltr' id='par_1_10' title="bbox 140 1076 946 1161">
     <span class='ocr_line' id='line_1_11' title="bbox 140 1076 946 1161; baseline -0.002 -19"><span class='ocrx_word' id='word_1_67' title='bbox 140 1081 291 1161; x_wconf 78' lang='lat' dir='ltr'><strong>Delphice,</strong></span> <span class='ocrx_word' id='word_1_68' title='bbox 314 1076 464 1158; x_wconf 86' lang='lat' dir='ltr'><strong>poscebat.</strong></span> <span class='ocrx_word' id='word_1_69' title='bbox 488 1095 554 1138; x_wconf 90' lang='lat' dir='ltr'><strong>nam</strong></span> <span class='ocrx_word' id='word_1_70' title='bbox 579 1098 635 1142; x_wconf 87' lang='lat' dir='ltr'><strong>nec</strong></span> <span class='ocrx_word' id='word_1_71' title='bbox 656 1082 825 1143; x_wconf 82' lang='lat' dir='ltr'><strong>rescindere</strong></span> <span class='ocrx_word' id='word_1_72' title='bbox 846 1081 946 1159; x_wconf 91' lang='lat' dir='ltr'><strong>magni</strong></span> 
     </span>
    </p>

    <p class='ocr_par' dir='ltr' id='par_1_11' title="bbox 139 1163 926 1247">
     <span class='ocr_line' id='line_1_12' title="bbox 139 1163 926 1247; baseline 0 -21"><span class='ocrx_word' id='word_1_73' title='bbox 139 1167 217 1226; x_wconf 89' lang='lat' dir='ltr'><strong>iussa</strong></span> <span class='ocrx_word' id='word_1_74' title='bbox 239 1163 316 1224; x_wconf 86' lang='lat' dir='ltr'><strong>lovis</strong></span> <span class='ocrx_word' id='word_1_75' title='bbox 339 1173 466 1243; x_wconf 88' lang='lat' dir='ltr'><strong>poteras,</strong></span> <span class='ocrx_word' id='word_1_76' title='bbox 489 1182 554 1238; x_wconf 84' lang='lat' dir='ltr'><strong>neo,</strong></span> <span class='ocrx_word' id='word_1_77' title='bbox 576 1164 601 1226; x_wconf 88' lang='lat' dir='ltr'><strong>si</strong></span> <span class='ocrx_word' id='word_1_78' title='bbox 623 1167 792 1228; x_wconf 83' lang='lat' dir='ltr'><strong>rescindere</strong></span> <span class='ocrx_word' id='word_1_79' title='bbox 813 1184 926 1247; x_wconf 87' lang='lat' dir='ltr'><strong>posses,</strong></span> 
     </span>
    </p>

    <p class='ocr_par' dir='ltr' id='par_1_12' title="bbox 141 1247 903 1332">
     <span class='ocr_line' id='line_1_13' title="bbox 141 1247 903 1332; baseline 0.003 -22"><span class='ocrx_word' id='word_1_80' title='bbox 141 1260 210 1310; x_wconf 88' lang='lat' dir='ltr'><strong>tuno</strong></span> <span class='ocrx_word' id='word_1_81' title='bbox 232 1249 347 1309; x_wconf 90' lang='lat' dir='ltr'><strong>aderas:</strong></span> <span class='ocrx_word' id='word_1_82' title='bbox 373 1247 440 1309; x_wconf 84' lang='lat' dir='ltr'><strong>Elin</strong></span> <span class='ocrx_word' id='word_1_83' title='bbox 464 1249 667 1332; x_wconf 80' lang='lat' dir='ltr'><strong>Messeniaque</strong></span> <span class='ocrx_word' id='word_1_84' title='bbox 689 1271 755 1314; x_wconf 87' lang='lat' dir='ltr'><strong>arva</strong></span> <span class='ocrx_word' id='word_1_85' title='bbox 776 1251 903 1313; x_wconf 80' lang='lat' dir='ltr'><strong>colebas.</strong></span> 
     </span>
    </p>

    <p class='ocr_par' dir='ltr' id='par_1_13' title="bbox 139 1333 837 1416">
     <span class='ocr_line' id='line_1_14' title="bbox 139 1333 837 1416; baseline 0.007 -23"><span class='ocrx_word' id='word_1_86' title='bbox 139 1333 211 1393; x_wconf 94' lang='lat' dir='ltr'><strong>illud</strong></span> <span class='ocrx_word' id='word_1_87' title='bbox 235 1342 295 1395; x_wconf 88' lang='lat' dir='ltr'><strong>erat</strong></span> <span class='ocrx_word' id='word_1_88' title='bbox 317 1342 444 1415; x_wconf 82' lang='lat' dir='ltr'><strong>tempus,</strong></span> <span class='ocrx_word' id='word_1_89' title='bbox 467 1353 526 1415; x_wconf 94' lang='lat' dir='ltr'><strong>quo</strong></span> <span class='ocrx_word' id='word_1_90' title='bbox 548 1345 578 1395; x_wconf 91' lang='lat' dir='ltr'><strong>te</strong></span> <span class='ocrx_word' id='word_1_91' title='bbox 600 1337 728 1415; x_wconf 87' lang='lat' dir='ltr'><strong>pastoria</strong></span> <span class='ocrx_word' id='word_1_92' title='bbox 751 1336 837 1416; x_wconf 88' lang='lat' dir='ltr'><strong>pellis</strong></span> 
     </span>
    </p>

    <p class='ocr_par' dir='ltr' id='par_1_14' title="bbox 139 1418 933 1499">
     <span class='ocr_line' id='line_1_15' title="bbox 139 1418 933 1499; baseline 0.004 -21"><span class='ocrx_word' id='word_1_93' title='bbox 139 1418 218 1490; x_wconf 81' lang='lat' dir='ltr'><strong>texit,</strong></span> <span class='ocrx_word' id='word_1_94' title='bbox 241 1436 376 1499; x_wconf 83' lang='lat' dir='ltr'><strong>onusque</strong></span> <span class='ocrx_word' id='word_1_95' title='bbox 398 1419 455 1480; x_wconf 90' lang='lat' dir='ltr'><strong>luit</strong></span> <span class='ocrx_word' id='word_1_96' title='bbox 476 1419 614 1480; x_wconf 88' lang='lat' dir='ltr'><strong>baculum</strong></span> <span class='ocrx_word' id='word_1_97' title='bbox 636 1420 767 1481; x_wconf 84' lang='lat' dir='ltr'><strong>silvestre</strong></span> <span class='ocrx_word' id='word_1_98' title='bbox 789 1422 933 1491; x_wconf 81' lang='lat' dir='ltr'><strong>sinistrae,</strong></span> 
     </span>
    </p>

    <p class='ocr_par' dir='ltr' id='par_1_15' title="bbox 138 1502 786 1586">
     <span class='ocr_line' id='line_1_16' title="bbox 138 1502 786 1586; baseline 0.003 -24"><span class='ocrx_word' id='word_1_99' title='bbox 138 1502 259 1565; x_wconf 92' lang='lat' dir='ltr'><strong>alterius</strong></span> <span class='ocrx_word' id='word_1_100' title='bbox 280 1504 380 1586; x_wconf 87' lang='lat' dir='ltr'><strong>dispar</strong></span> <span class='ocrx_word' id='word_1_101' title='bbox 400 1504 534 1584; x_wconf 87' lang='lat' dir='ltr'><strong>septenis</strong></span> <span class='ocrx_word' id='word_1_102' title='bbox 554 1503 650 1565; x_wconf 83' lang='lat' dir='ltr'><strong>fistula</strong></span> <span class='ocrx_word' id='word_1_103' title='bbox 673 1506 786 1566; x_wconf 91' lang='lat' dir='ltr'><strong>cannis.</strong></span> 
     </span>
    </p>

    <p class='ocr_par' dir='ltr' id='par_1_16' title="bbox 139 1589 1035 1669">
     <span class='ocr_line' id='line_1_17' title="bbox 139 1589 1035 1669; baseline 0.002 -21"><span class='ocrx_word' id='word_1_104' title='bbox 139 1589 268 1669; x_wconf 93' lang='lat' dir='ltr'><strong>dumque</strong></span> <span class='ocrx_word' id='word_1_105' title='bbox 289 1607 373 1650; x_wconf 92' lang='lat' dir='ltr'><strong>amor</strong></span> <span class='ocrx_word' id='word_1_106' title='bbox 395 1598 440 1649; x_wconf 88' lang='lat' dir='ltr'><strong>est</strong></span> <span class='ocrx_word' id='word_1_107' title='bbox 455 1607 559 1662; x_wconf 83' lang='lat' dir='ltr'><strong>curae,</strong></span> <span class='ocrx_word' id='word_1_108' title='bbox 580 1590 650 1649; x_wconf 94' lang='lat' dir='ltr'><strong>dum</strong></span> <span class='ocrx_word' id='word_1_109' title='bbox 673 1600 702 1650; x_wconf 89' lang='lat' dir='ltr'><strong>te</strong></span> <span class='ocrx_word' id='word_1_110' title='bbox 724 1599 771 1650; x_wconf 94' lang='lat' dir='ltr'><strong>tua</strong></span> <span class='ocrx_word' id='word_1_111' title='bbox 795 1589 893 1649; x_wconf 83' lang='lat' dir='ltr'><strong>fistula</strong></span> <span class='ocrx_word' id='word_1_112' title='bbox 916 1589 1035 1664; x_wconf 85' lang='lat' dir='ltr'><strong>mulcet,</strong></span> 
     </span>
    </p>

    <p class='ocr_par' dir='ltr' id='par_1_17' title="bbox 139 1673 843 1753">
     <span class='ocr_line' id='line_1_18' title="bbox 139 1673 843 1753; baseline -0.001 -18"><span class='ocrx_word' id='word_1_113' title='bbox 139 1673 335 1735; x_wconf 82' lang='lat' dir='ltr'><strong>incustoditae</strong></span> <span class='ocrx_word' id='word_1_114' title='bbox 357 1673 457 1753; x_wconf 74' lang='lat' dir='ltr'><strong>Pylios</strong></span> <span class='ocrx_word' id='word_1_115' title='bbox 478 1685 680 1734; x_wconf 87' lang='lat' dir='ltr'><strong>memorantur</strong></span> <span class='ocrx_word' id='word_1_116' title='bbox 702 1675 732 1734; x_wconf 92' lang='lat' dir='ltr'><strong>in</strong></span> <span class='ocrx_word' id='word_1_117' title='bbox 756 1692 843 1752; x_wconf 91' lang='lat' dir='ltr'><strong>agros</strong></span> 
     </span>
    </p>

    <p class='ocr_par' dir='ltr' id='par_1_18' title="bbox 139 1757 900 1839">
     <span class='ocr_line' id='line_1_19' title="bbox 139 1757 900 1839; baseline -0.003 -19"><span class='ocrx_word' id='word_1_118' title='bbox 139 1759 318 1839; x_wconf 90' lang='lat' dir='ltr'><strong>processisse</strong></span> <span class='ocrx_word' id='word_1_119' title='bbox 339 1758 438 1818; x_wconf 85' lang='lat' dir='ltr'><strong>boves.</strong></span> <span class='ocrx_word' id='word_1_120' title='bbox 483 1757 561 1817; x_wconf 87' lang='lat' dir='ltr'><strong>videt</strong></span> <span class='ocrx_word' id='word_1_121' title='bbox 582 1759 635 1818; x_wconf 92' lang='lat' dir='ltr'><strong>has</strong></span> <span class='ocrx_word' id='word_1_122' title='bbox 656 1758 804 1821; x_wconf 78' lang='lat' dir='ltr'><strong>Atlantide</strong></span> <span class='ocrx_word' id='word_1_123' title='bbox 825 1757 900 1819; x_wconf 88' lang='lat' dir='ltr'><strong>hlaia</strong></span> 
     </span>
    </p>

    <p class='ocr_par' dir='ltr' id='par_1_19' title="bbox 140 1841 833 1905">
     <span class='ocr_line' id='line_1_20' title="bbox 140 1841 833 1905; baseline 0 -2"><span class='ocrx_word' id='word_1_124' title='bbox 140 1854 226 1904; x_wconf 89' lang='lat' dir='ltr'><strong>natus</strong></span> <span class='ocrx_word' id='word_1_125' title='bbox 248 1854 277 1905; x_wconf 92' lang='lat' dir='ltr'><strong>et</strong></span> <span class='ocrx_word' id='word_1_126' title='bbox 298 1853 360 1904; x_wconf 88' lang='lat' dir='ltr'><strong>arte</strong></span> <span class='ocrx_word' id='word_1_127' title='bbox 382 1861 434 1902; x_wconf 91' lang='lat' dir='ltr'><strong>sua</strong></span> <span class='ocrx_word' id='word_1_128' title='bbox 456 1841 537 1901; x_wconf 87' lang='lat' dir='ltr'><strong>silvis</strong></span> <span class='ocrx_word' id='word_1_129' title='bbox 559 1841 688 1903; x_wconf 89' lang='lat' dir='ltr'><strong>occultat</strong></span> <span class='ocrx_word' id='word_1_130' title='bbox 708 1843 833 1903; x_wconf 90' lang='lat' dir='ltr'><strong>abactas.</strong></span> 
     </span>
    </p>

    <p class='ocr_par' dir='ltr' id='par_1_20' title="bbox 138 1926 908 1988">
     <span class='ocr_line' id='line_1_21' title="bbox 138 1926 908 1988; baseline -0.001 0"><span class='ocrx_word' id='word_1_131' title='bbox 138 1935 269 1988; x_wconf 85' lang='lat' dir='ltr'><strong>senserat</strong></span> <span class='ocrx_word' id='word_1_132' title='bbox 290 1928 347 1987; x_wconf 92' lang='lat' dir='ltr'><strong>hoo</strong></span> <span class='ocrx_word' id='word_1_133' title='bbox 370 1926 480 1986; x_wconf 92' lang='lat' dir='ltr'><strong>lurtum</strong></span> <span class='ocrx_word' id='word_1_134' title='bbox 504 1943 591 1985; x_wconf 91' lang='lat' dir='ltr'><strong>nemo</strong></span> <span class='ocrx_word' id='word_1_135' title='bbox 614 1926 671 1986; x_wconf 90' lang='lat' dir='ltr'><strong>nisi</strong></span> <span class='ocrx_word' id='word_1_136' title='bbox 695 1941 783 1987; x_wconf 88' lang='lat' dir='ltr'><strong>notus</strong></span> <span class='ocrx_word' id='word_1_137' title='bbox 804 1928 835 1987; x_wconf 94' lang='lat' dir='ltr'><strong>in</strong></span> <span class='ocrx_word' id='word_1_138' title='bbox 859 1928 908 1987; x_wconf 95' lang='lat' dir='ltr'><strong>illo</strong></span> 
     </span>
    </p>

    <p class='ocr_par' dir='ltr' id='par_1_21' title="bbox 139 2010 902 2085">
     <span class='ocr_line' id='line_1_22' title="bbox 139 2010 902 2085; baseline 0 -12"><span class='ocrx_word' id='word_1_139' title='bbox 139 2031 207 2073; x_wconf 93' lang='lat' dir='ltr'><strong>rure</strong></span> <span class='ocrx_word' id='word_1_140' title='bbox 229 2029 333 2085; x_wconf 78' lang='lat' dir='ltr'><strong>sene13</strong></span> <span class='ocrx_word' id='word_1_141' title='bbox 357 2010 473 2071; x_wconf 84' lang='lat' dir='ltr'><strong>Battum</strong></span> <span class='ocrx_word' id='word_1_142' title='bbox 496 2011 601 2070; x_wconf 91' lang='lat' dir='ltr'><strong>vicinia</strong></span> <span class='ocrx_word' id='word_1_143' title='bbox 625 2021 683 2072; x_wconf 90' lang='lat' dir='ltr'><strong>tota</strong></span> <span class='ocrx_word' id='word_1_144' title='bbox 707 2012 858 2072; x_wconf 86' lang='lat' dir='ltr'><strong>vocabant.</strong></span> <span class='ocrx_word' id='word_1_145' title='bbox 899 2067 902 2073; x_wconf 88' lang='lat'>.</span> 
     </span>
    </p>

    <p class='ocr_par' dir='ltr' id='par_1_22' title="bbox 138 2095 855 2176">
     <span class='ocr_line' id='line_1_23' title="bbox 138 2095 855 2176; baseline -0.003 -18"><span class='ocrx_word' id='word_1_146' title='bbox 138 2096 233 2158; x_wconf 84' lang='lat' dir='ltr'><strong>divitis</strong></span> <span class='ocrx_word' id='word_1_147' title='bbox 254 2095 303 2157; x_wconf 93' lang='lat' dir='ltr'><strong>hic</strong></span> <span class='ocrx_word' id='word_1_148' title='bbox 324 2096 415 2156; x_wconf 90' lang='lat' dir='ltr'><strong>saltus</strong></span> <span class='ocrx_word' id='word_1_149' title='bbox 437 2095 622 2175; x_wconf 88' lang='lat' dir='ltr'><strong>herbosaque</strong></span> <span class='ocrx_word' id='word_1_150' title='bbox 644 2115 751 2176; x_wconf 91' lang='lat' dir='ltr'><strong>pascua</strong></span> <span class='ocrx_word' id='word_1_151' title='bbox 773 2096 855 2156; x_wconf 85' lang='lat' dir='ltr'><strong>Nelei</strong></span> 
     </span>
    </p>

    <p class='ocr_par' dir='ltr' id='par_1_23' title="bbox 139 2181 919 2262">
     <span class='ocr_line' id='line_1_24' title="bbox 139 2181 919 2262; baseline -0.001 -20"><span class='ocrx_word' id='word_1_152' title='bbox 139 2181 342 2262; x_wconf 90' lang='lat' dir='ltr'><strong>nobiliumque</strong></span> <span class='ocrx_word' id='word_1_153' title='bbox 365 2199 469 2258; x_wconf 82' lang='lat' dir='ltr'><strong>greges</strong></span> <span class='ocrx_word' id='word_1_154' title='bbox 492 2191 593 2242; x_wconf 91' lang='lat' dir='ltr'><strong>custos</strong></span> <span class='ocrx_word' id='word_1_155' title='bbox 614 2181 746 2243; x_wconf 86' lang='lat' dir='ltr'><strong>servabat</strong></span> <span class='ocrx_word' id='word_1_156' title='bbox 768 2200 919 2260; x_wconf 83' lang='lat' dir='ltr'><strong>equarum.</strong></span> 
     </span>
    </p>

    <p class='ocr_par' dir='ltr' id='par_1_24' title="bbox 138 2265 891 2343">
     <span class='ocr_line' id='line_1_25' title="bbox 138 2265 891 2343; baseline -0.001 -16"><span class='ocrx_word' id='word_1_157' title='bbox 138 2268 219 2328; x_wconf 91' lang='lat' dir='ltr'><strong>hunc</strong></span> <span class='ocrx_word' id='word_1_158' title='bbox 241 2267 339 2327; x_wconf 86' lang='lat' dir='ltr'><strong>timuit</strong></span> <span class='ocrx_word' id='word_1_159' title='bbox 360 2265 526 2343; x_wconf 88' lang='lat' dir='ltr'><strong>blandaque</strong></span> <span class='ocrx_word' id='word_1_160' title='bbox 549 2284 636 2326; x_wconf 91' lang='lat' dir='ltr'><strong>manu</strong></span> <span class='ocrx_word' id='word_1_161' title='bbox 660 2267 776 2326; x_wconf 83' lang='lat' dir='ltr'><strong>seduxit</strong></span> <span class='ocrx_word' id='word_1_162' title='bbox 798 2278 829 2327; x_wconf 93' lang='lat' dir='ltr'><strong>et</strong></span> <span class='ocrx_word' id='word_1_163' title='bbox 850 2267 891 2326; x_wconf 93' lang='lat' dir='ltr'><strong>illi</strong></span> 
     </span>
    </p>

    <p class='ocr_par' dir='ltr' id='par_1_25' title="bbox 134 2343 1118 2432">
     <span class='ocr_line' id='line_1_26' title="bbox 134 2343 1118 2432; baseline -0.001 -20"><span class='ocrx_word' id='word_1_164' title='bbox 134 2346 282 2432; x_wconf 91' lang='lat' dir='ltr'><strong>‘quisquis</strong></span> <span class='ocrx_word' id='word_1_165' title='bbox 305 2371 346 2424; x_wconf 89' lang='lat' dir='ltr'><strong>es,</strong></span> <span class='ocrx_word' id='word_1_166' title='bbox 370 2345 498 2430; x_wconf 87' lang='lat' dir='ltr'><strong>hospes’,</strong></span> <span class='ocrx_word' id='word_1_167' title='bbox 521 2352 559 2410; x_wconf 92' lang='lat' dir='ltr'><strong>ait</strong></span> <span class='ocrx_word' id='word_1_168' title='bbox 579 2343 616 2410; x_wconf 88' lang='lat' dir='ltr'><strong>‘si</strong></span> <span class='ocrx_word' id='word_1_169' title='bbox 641 2351 717 2411; x_wconf 87' lang='lat' dir='ltr'><strong>iorte</strong></span> <span class='ocrx_word' id='word_1_170' title='bbox 738 2364 869 2412; x_wconf 90' lang='lat' dir='ltr'><strong>armenta</strong></span> <span class='ocrx_word' id='word_1_171' title='bbox 891 2351 1022 2430; x_wconf 89' lang='lat' dir='ltr'><strong>requiret</strong></span> <span class='ocrx_word' id='word_1_172' title='bbox 1113 2364 1118 2371; x_wconf 85' lang='grc'>’</span> 
     </span>
    </p>

    <p class='ocr_par' dir='ltr' id='par_1_26' title="bbox 138 2435 987 2516">
     <span class='ocr_line' id='line_1_27' title="bbox 138 2435 987 2516; baseline -0.001 -19"><span class='ocrx_word' id='word_1_173' title='bbox 138 2438 210 2498; x_wconf 93' lang='lat' dir='ltr'><strong>haec</strong></span> <span class='ocrx_word' id='word_1_174' title='bbox 231 2435 348 2516; x_wconf 85' lang='lat' dir='ltr'><strong>aliquis,</strong></span> <span class='ocrx_word' id='word_1_175' title='bbox 370 2435 475 2496; x_wconf 87' lang='lat' dir='ltr'><strong>vidisse</strong></span> <span class='ocrx_word' id='word_1_176' title='bbox 499 2451 589 2513; x_wconf 87' lang='lat' dir='ltr'><strong>nega;</strong></span> <span class='ocrx_word' id='word_1_177' title='bbox 615 2455 673 2496; x_wconf 90' lang='lat' dir='ltr'><strong>neu</strong></span> <span class='ocrx_word' id='word_1_178' title='bbox 695 2437 786 2515; x_wconf 89' lang='lat' dir='ltr'><strong>gratia</strong></span> <span class='ocrx_word' id='word_1_179' title='bbox 809 2437 885 2498; x_wconf 86' lang='lat' dir='ltr'><strong>lacto</strong></span> <span class='ocrx_word' id='word_1_180' title='bbox 983 2477 987 2485; x_wconf 34' lang='lat' dir='ltr'>x</span> 
     </span>
    </p>

    <p class='ocr_par' dir='ltr' id='par_1_27' title="bbox 139 2517 983 2601">
     <span class='ocr_line' id='line_1_28' title="bbox 139 2517 983 2601; baseline -0.004 -18"><span class='ocrx_word' id='word_1_181' title='bbox 139 2521 219 2583; x_wconf 91' lang='lat' dir='ltr'><strong>nulla</strong></span> <span class='ocrx_word' id='word_1_182' title='bbox 241 2522 432 2601; x_wconf 85' lang='lat' dir='ltr'><strong>rependatur,</strong></span> <span class='ocrx_word' id='word_1_183' title='bbox 456 2520 578 2582; x_wconf 92' lang='lat' dir='ltr'><strong>nitidam</strong></span> <span class='ocrx_word' id='word_1_184' title='bbox 601 2539 673 2600; x_wconf 91' lang='lat' dir='ltr'><strong>cape</strong></span> <span class='ocrx_word' id='word_1_185' title='bbox 696 2522 824 2600; x_wconf 90' lang='lat' dir='ltr'><strong>praemia</strong></span> <span class='ocrx_word' id='word_1_186' title='bbox 846 2517 983 2582; x_wconf 86' lang='lat' dir='ltr'><strong>vaoeam&#39;:</strong></span> 
     </span>
    </p>

    <p class='ocr_par' dir='ltr' id='par_1_28' title="bbox 137 2605 914 2686">
     <span class='ocr_line' id='line_1_29' title="bbox 137 2605 914 2686; baseline -0.001 -20"><span class='ocrx_word' id='word_1_187' title='bbox 137 2616 165 2668; x_wconf 91' lang='lat' dir='ltr'><strong>et</strong></span> <span class='ocrx_word' id='word_1_188' title='bbox 188 2607 276 2667; x_wconf 84' lang='lat' dir='ltr'><strong>dedit.</strong></span> <span class='ocrx_word' id='word_1_189' title='bbox 318 2615 438 2686; x_wconf 85' lang='lat' dir='ltr'><strong>accepta</strong></span> <span class='ocrx_word' id='word_1_190' title='bbox 460 2623 547 2667; x_wconf 85' lang='lat' dir='ltr'><strong>voces</strong></span> <span class='ocrx_word' id='word_1_191' title='bbox 570 2605 621 2666; x_wconf 92' lang='lat' dir='ltr'><strong>has</strong></span> <span class='ocrx_word' id='word_1_192' title='bbox 643 2606 770 2667; x_wconf 88' lang='lat' dir='ltr'><strong>reddidit</strong></span> <span class='ocrx_word' id='word_1_193' title='bbox 791 2607 914 2686; x_wconf 90' lang='lat' dir='ltr'><strong>hospes:</strong></span> 
     </span>
    </p>

    <p class='ocr_par' dir='ltr' id='par_1_29' title="bbox 133 2681 931 2771">
     <span class='ocr_line' id='line_1_30' title="bbox 133 2681 931 2771; baseline -0.001 -18"><span class='ocrx_word' id='word_1_194' title='bbox 133 2685 230 2753; x_wconf 90' lang='lat' dir='ltr'><strong>‘tutus</strong></span> <span class='ocrx_word' id='word_1_195' title='bbox 251 2709 315 2751; x_wconf 86' lang='lat' dir='ltr'><strong>eas:</strong></span> <span class='ocrx_word' id='word_1_196' title='bbox 337 2690 411 2771; x_wconf 89' lang='lat' dir='ltr'><strong>lapis</strong></span> <span class='ocrx_word' id='word_1_197' title='bbox 434 2691 488 2752; x_wconf 92' lang='lat' dir='ltr'><strong>iste</strong></span> <span class='ocrx_word' id='word_1_198' title='bbox 511 2690 594 2771; x_wconf 92' lang='lat' dir='ltr'><strong>prius</strong></span> <span class='ocrx_word' id='word_1_199' title='bbox 615 2700 665 2750; x_wconf 90' lang='lat' dir='ltr'><strong>tua</strong></span> <span class='ocrx_word' id='word_1_200' title='bbox 688 2692 763 2752; x_wconf 89' lang='lat' dir='ltr'><strong>lurta</strong></span> <span class='ocrx_word' id='word_1_201' title='bbox 786 2681 931 2770; x_wconf 82' lang='lat' dir='ltr'><strong>loquetur’</strong></span> 
     </span>
    </p>

    <p class='ocr_par' dir='ltr' id='par_1_30' title="bbox 137 2774 945 2857">
     <span class='ocr_line' id='line_1_31' title="bbox 137 2774 945 2857; baseline -0.002 -19"><span class='ocrx_word' id='word_1_202' title='bbox 137 2786 167 2838; x_wconf 90' lang='lat' dir='ltr'><strong>ot</strong></span> <span class='ocrx_word' id='word_1_203' title='bbox 187 2776 314 2857; x_wconf 88' lang='lat' dir='ltr'><strong>lapidem</strong></span> <span class='ocrx_word' id='word_1_204' title='bbox 335 2776 473 2837; x_wconf 89' lang='lat' dir='ltr'><strong>ostendit</strong></span> <span class='ocrx_word' id='word_1_205' title='bbox 517 2774 635 2836; x_wconf 90' lang='lat' dir='ltr'><strong>simulat</strong></span> <span class='ocrx_word' id='word_1_206' title='bbox 656 2775 724 2836; x_wconf 83' lang='lat' dir='ltr'><strong>lore</strong></span> <span class='ocrx_word' id='word_1_207' title='bbox 747 2787 833 2837; x_wconf 93' lang='lat' dir='ltr'><strong>natus</strong></span> <span class='ocrx_word' id='word_1_208' title='bbox 853 2776 945 2851; x_wconf 91' lang='lat' dir='ltr'><strong>abire,</strong></span> 
     </span>
    </p>

    <p class='ocr_par' dir='ltr' id='par_1_31' title="bbox 137 2861 886 2940">
     <span class='ocr_line' id='line_1_32' title="bbox 137 2861 886 2940; baseline 0 -18"><span class='ocrx_word' id='word_1_209' title='bbox 137 2880 205 2922; x_wconf 84' lang='lat' dir='ltr'><strong>mox</strong></span> <span class='ocrx_word' id='word_1_210' title='bbox 226 2861 302 2922; x_wconf 87' lang='lat' dir='ltr'><strong>redit</strong></span> <span class='ocrx_word' id='word_1_211' title='bbox 323 2869 352 2920; x_wconf 93' lang='lat' dir='ltr'><strong>et</strong></span> <span class='ocrx_word' id='word_1_212' title='bbox 375 2879 456 2921; x_wconf 87' lang='lat' dir='ltr'><strong>versa</strong></span> <span class='ocrx_word' id='word_1_213' title='bbox 479 2861 587 2940; x_wconf 87' lang='lat' dir='ltr'><strong>pariter</strong></span> <span class='ocrx_word' id='word_1_214' title='bbox 609 2879 677 2921; x_wconf 93' lang='lat' dir='ltr'><strong>cum</strong></span> <span class='ocrx_word' id='word_1_215' title='bbox 700 2880 771 2922; x_wconf 89' lang='lat' dir='ltr'><strong>voce</strong></span> <span class='ocrx_word' id='word_1_216' title='bbox 793 2862 886 2940; x_wconf 87' lang='lat' dir='ltr'><strong>ligura</strong></span> 
     </span>
    </p>

    <p class='ocr_par' dir='ltr' id='par_1_32' title="bbox 133 2940 802 3025">
     <span class='ocr_line' id='line_1_33' title="bbox 133 2940 802 3025; baseline -0.003 -17"><span class='ocrx_word' id='word_1_217' title='bbox 133 2940 264 3019; x_wconf 65' lang='lat' dir='ltr'><strong>‘rustice</strong></span> <span class='ocrx_word' id='word_1_218' title='bbox 286 2945 383 3006; x_wconf 87' lang='lat' dir='ltr'><strong>vidisti</strong></span> <span class='ocrx_word' id='word_1_219' title='bbox 405 2946 505 3025; x_wconf 89' lang='lat' dir='ltr'><strong>siquas</strong></span> <span class='ocrx_word' id='word_1_220' title='bbox 527 2946 584 3006; x_wconf 90' lang='lat' dir='ltr'><strong>hoo</strong></span> <span class='ocrx_word' id='word_1_221' title='bbox 607 2941 706 3006; x_wconf 85' lang='lat' dir='ltr'><strong>limite&#39;</strong></span> <span class='ocrx_word' id='word_1_222' title='bbox 731 2947 802 3007; x_wconf 82' lang='lat' dir='ltr'><strong>dixit</strong></span> 
     </span>
    </p>

    <p class='ocr_par' dir='ltr' id='par_1_33' title="bbox 132 3025 906 3110">
     <span class='ocr_line' id='line_1_34' title="bbox 132 3025 906 3110; baseline -0.004 -18"><span class='ocrx_word' id='word_1_223' title='bbox 132 3025 189 3093; x_wconf 84' lang='lat' dir='ltr'><strong>‘ire</strong></span> <span class='ocrx_word' id='word_1_224' title='bbox 212 3031 311 3104; x_wconf 88' lang='lat' dir='ltr'><strong>boves,</strong></span> <span class='ocrx_word' id='word_1_225' title='bbox 333 3029 378 3090; x_wconf 87' lang='lat' dir='ltr'><strong>ier</strong></span> <span class='ocrx_word' id='word_1_226' title='bbox 399 3048 486 3110; x_wconf 87' lang='lat' dir='ltr'><strong>opem</strong></span> <span class='ocrx_word' id='word_1_227' title='bbox 509 3030 648 3110; x_wconf 82' lang='lat' dir='ltr'><strong>furtoque</strong></span> <span class='ocrx_word' id='word_1_228' title='bbox 670 3029 785 3091; x_wconf 91' lang='lat' dir='ltr'><strong>silentia</strong></span> <span class='ocrx_word' id='word_1_229' title='bbox 807 3031 906 3090; x_wconf 90' lang='lat' dir='ltr'><strong>deme:</strong></span> 
     </span>
    </p>

    <p class='ocr_par' dir='ltr' id='par_1_34' title="bbox 137 3109 917 3196">
     <span class='ocr_line' id='line_1_35' title="bbox 137 3109 917 3196; baseline -0.005 -18"><span class='ocrx_word' id='word_1_230' title='bbox 137 3116 238 3178; x_wconf 86' lang='lat' dir='ltr'><strong>iuncta</strong></span> <span class='ocrx_word' id='word_1_231' title='bbox 259 3133 313 3177; x_wconf 91' lang='lat' dir='ltr'><strong>suo</strong></span> <span class='ocrx_word' id='word_1_232' title='bbox 337 3115 449 3196; x_wconf 88' lang='lat' dir='ltr'><strong>pariter</strong></span> <span class='ocrx_word' id='word_1_233' title='bbox 469 3114 586 3176; x_wconf 88' lang='lat' dir='ltr'><strong>dabitur</strong></span> <span class='ocrx_word' id='word_1_234' title='bbox 609 3115 661 3176; x_wconf 92' lang='lat' dir='ltr'><strong>tibi</strong></span> <span class='ocrx_word' id='word_1_235' title='bbox 684 3116 791 3176; x_wconf 82' lang='lat' dir='ltr'><strong>femina</strong></span> <span class='ocrx_word' id='word_1_236' title='bbox 814 3109 917 3176; x_wconf 87' lang='lat' dir='ltr'><strong>tauro&#39;</strong></span> 
     </span>
    </p>

    <p class='ocr_par' dir='ltr' id='par_1_35' title="bbox 137 3193 1027 3281">
     <span class='ocr_line' id='line_1_36' title="bbox 137 3193 1027 3281; baseline -0.003 -18"><span class='ocrx_word' id='word_1_237' title='bbox 137 3213 167 3263; x_wconf 88' lang='lat' dir='ltr'><strong>at</strong></span> <span class='ocrx_word' id='word_1_238' title='bbox 187 3201 295 3273; x_wconf 84' lang='lat' dir='ltr'><strong>senior,</strong></span> <span class='ocrx_word' id='word_1_239' title='bbox 319 3209 476 3281; x_wconf 90' lang='lat' dir='ltr'><strong>postquam</strong></span> <span class='ocrx_word' id='word_1_240' title='bbox 500 3209 546 3260; x_wconf 87' lang='lat' dir='ltr'><strong>ost</strong></span> <span class='ocrx_word' id='word_1_241' title='bbox 567 3218 680 3262; x_wconf 90' lang='lat' dir='ltr'><strong>merces</strong></span> <span class='ocrx_word' id='word_1_242' title='bbox 701 3201 857 3279; x_wconf 85' lang='lat' dir='ltr'><strong>geminata,</strong></span> <span class='ocrx_word' id='word_1_243' title='bbox 877 3193 947 3260; x_wconf 91' lang='lat' dir='ltr'><strong>‘sub</strong></span> <span class='ocrx_word' id='word_1_244' title='bbox 969 3199 1027 3261; x_wconf 90' lang='lat' dir='ltr'><strong>illis</strong></span> 
     </span>
    </p>
   </div>
   <div class='ocr_carea' id='block_1_3' title="bbox 136 3348 1212 3484">
    <p class='ocr_par' dir='ltr' id='par_1_36' title="bbox 136 3348 1212 3484">
     <span class='ocr_line' id='line_1_37' title="bbox 205 3348 1211 3416; baseline -0.005 -11"><span class='ocrx_word' id='word_1_245' title='bbox 205 3354 254 3405; x_wconf 92' lang='grc'><strong>668</strong></span> <span class='ocrx_word' id='word_1_246' title='bbox 273 3365 287 3402; x_wconf 84' lang='lat' dir='ltr'><strong>e</strong></span> <span class='ocrx_word' id='word_1_247' title='bbox 307 3350 395 3401; x_wconf 70' lang='lat' dir='ltr'><strong>used</strong></span> <span class='ocrx_word' id='word_1_248' title='bbox 431 3365 501 3401; x_wconf 80' lang='lat' dir='ltr'><strong>corr.</strong></span> <span class='ocrx_word' id='word_1_249' title='bbox 520 3349 560 3400; x_wconf 74' lang='lat' dir='ltr'><strong>cd.</strong></span> <span class='ocrx_word' id='word_1_250' title='bbox 577 3349 639 3402; x_wconf 79' lang='lat' dir='ltr'><strong>Alo.</strong></span> <span class='ocrx_word' id='word_1_251' title='bbox 658 3351 725 3403; x_wconf 80' lang='lat'><em>1502</em></span> <span class='ocrx_word' id='word_1_252' title='bbox 776 3352 826 3402; x_wconf 91' lang='grc'><strong>669</strong></span> <span class='ocrx_word' id='word_1_253' title='bbox 844 3348 973 3400; x_wconf 83' lang='lat' dir='ltr'><strong>herbisbl</strong></span> <span class='ocrx_word' id='word_1_254' title='bbox 1034 3351 1084 3402; x_wconf 87' lang='grc'><strong>616</strong></span> <span class='ocrx_word' id='word_1_255' title='bbox 1102 3348 1211 3416; x_wconf 78' lang='lat' dir='ltr'><strong>alligallt</strong></span> 
     </span>
     <span class='ocr_line' id='line_1_38' title="bbox 136 3417 1212 3484; baseline -0.001 -13"><span class='ocrx_word' id='word_1_256' title='bbox 136 3423 164 3483; x_wconf 88' lang='grc' dir='ltr'><strong>(ιι</strong></span> <span class='ocrx_word' id='word_1_257' title='bbox 182 3423 260 3481; x_wconf 78' lang='lat' dir='ltr'><strong>eros.)</strong></span> <span class='ocrx_word' id='word_1_258' title='bbox 357 3421 408 3471; x_wconf 81' lang='grc'>614</span> <span class='ocrx_word' id='word_1_259' title='bbox 426 3417 538 3479; x_wconf 84' lang='lat' dir='ltr'><strong>dextras]</strong></span> <span class='ocrx_word' id='word_1_260' title='bbox 557 3417 649 3470; x_wconf 77' lang='lat' dir='ltr'><strong>denses</strong></span> <span class='ocrx_word' id='word_1_261' title='bbox 668 3417 830 3471; x_wconf 70' lang='lat' dir='ltr'><strong>contiliaco</strong></span> <span class='ocrx_word' id='word_1_262' title='bbox 882 3419 932 3470; x_wconf 81' lang='lat' dir='ltr'><strong>om</strong></span> <span class='ocrx_word' id='word_1_263' title='bbox 950 3417 1110 3484; x_wconf 76' lang='lat' dir='ltr'><strong>phillin&#39;uss</strong></span> <span class='ocrx_word' id='word_1_264' title='bbox 1161 3420 1212 3470; x_wconf 76' lang='grc'><strong>616</strong></span> 
     </span>
    </p>
   </div>
   <div class='ocr_carea' id='block_1_4' title="bbox 136 3494 1212 3614">
    <p class='ocr_par' dir='ltr' id='par_1_37' title="bbox 136 3494 1212 3614">
     <span class='ocr_line' id='line_1_39' title="bbox 136 3494 1212 3614; baseline -0.001 -8"><span class='ocrx_word' id='word_1_265' title='bbox 136 3551 262 3607; x_wconf 78' lang='lat' dir='ltr'><strong>dedei·l</strong></span> <span class='ocrx_word' id='word_1_266' title='bbox 313 3554 407 3606; x_wconf 85' lang='lat' dir='ltr'><strong>dedere</strong></span> <span class='ocrx_word' id='word_1_267' title='bbox 424 3569 460 3604; x_wconf 78' lang='lat' dir='ltr'><strong>cx</strong></span> <span class='ocrx_word' id='word_1_268' title='bbox 477 3553 570 3604; x_wconf 86' lang='lat' dir='ltr'><strong>debere</strong></span> <span class='ocrx_word' id='word_1_269' title='bbox 588 3551 613 3602; x_wconf 99' lang='grc' dir='ltr'><strong>Μ</strong></span> <span class='ocrx_word' id='word_1_270' title='bbox 667 3555 717 3605; x_wconf 89' lang='grc'>619</span> <span class='ocrx_word' id='word_1_271' title='bbox 735 3496 824 3603; x_wconf 60' lang='lat' dir='ltr'><strong>egeras</strong></span> <span class='ocrx_word' id='word_1_272' title='bbox 842 3551 867 3602; x_wconf 96' lang='grc' dir='ltr'><strong>Μ</strong></span> <span class='ocrx_word' id='word_1_273' title='bbox 885 3494 914 3614; x_wconf 62' lang='grc' dir='ltr'><strong>(ξ</strong></span> <span class='ocrx_word' id='word_1_274' title='bbox 931 3556 949 3604; x_wconf 80' lang='lat' dir='ltr'><strong>i.</strong></span> <span class='ocrx_word' id='word_1_275' title='bbox 960 3570 984 3603; x_wconf 85' lang='lat' dir='ltr'><strong>r.</strong></span> <span class='ocrx_word' id='word_1_276' title='bbox 1001 3569 1018 3602; x_wconf 84' lang='lat' dir='ltr'><em>a</em></span> <span class='ocrx_word' id='word_1_277' title='bbox 1036 3551 1109 3609; x_wconf 80' lang='lat' dir='ltr'><strong>m.2t</strong></span> <span class='ocrx_word' id='word_1_278' title='bbox 1161 3554 1212 3605; x_wconf 91' lang='grc'>619</span> 
     </span>
    </p>
   </div>
   <div class='ocr_carea' id='block_1_5' title="bbox 137 3618 1213 3759">
    <p class='ocr_par' dir='ltr' id='par_1_38' title="bbox 137 3618 1213 3759">
     <span class='ocr_line' id='line_1_40' title="bbox 137 3618 1212 3689; baseline -0.002 -16"><span class='ocrx_word' id='word_1_279' title='bbox 137 3622 233 3674; x_wconf 85' lang='lat' dir='ltr'><strong>elimC</strong></span> <span class='ocrx_word' id='word_1_280' title='bbox 278 3622 372 3689; x_wconf 76' lang='lat' dir='ltr'><strong>elyna</strong></span> <span class='ocrx_word' id='word_1_281' title='bbox 441 3623 488 3674; x_wconf 88' lang='grc'>681</span> <span class='ocrx_word' id='word_1_282' title='bbox 509 3620 686 3685; x_wconf 57' lang='lat' dir='ltr'><strong>baculullllfltl</strong></span> <span class='ocrx_word' id='word_1_283' title='bbox 700 3637 735 3671; x_wconf 76' lang='lat' dir='ltr'><strong>aa</strong></span> <span class='ocrx_word' id='word_1_284' title='bbox 752 3625 788 3680; x_wconf 90' lang='lat' dir='ltr'><strong>m)</strong></span> <span class='ocrx_word' id='word_1_285' title='bbox 806 3618 832 3670; x_wconf 92' lang='grc' dir='ltr'><strong>Μ</strong></span> <span class='ocrx_word' id='word_1_286' title='bbox 885 3620 1026 3675; x_wconf 75' lang='lat' dir='ltr'><strong>baculusc</strong></span> <span class='ocrx_word' id='word_1_287' title='bbox 1086 3619 1212 3673; x_wconf 81' lang='lat' dir='ltr'><strong>silvestris</strong></span> 
     </span>
     <span class='ocr_line' id='line_1_41' title="bbox 137 3685 1213 3759; baseline 0 -18"><span class='ocrx_word' id='word_1_288' title='bbox 137 3690 239 3759; x_wconf 71' lang='lat' dir='ltr'><strong>olirqc</strong></span> <span class='ocrx_word' id='word_1_289' title='bbox 287 3689 423 3755; x_wconf 70' lang='grc' dir='ltr'><strong>ιιιιινςοΜ</strong></span> <span class='ocrx_word' id='word_1_290' title='bbox 443 3689 542 3741; x_wconf 83' lang='lat' dir='ltr'><strong>am.2</strong></span> <span class='ocrx_word' id='word_1_291' title='bbox 594 3695 644 3741; x_wconf 68' lang='lat' dir='ltr'><strong>hat</strong></span> <span class='ocrx_word' id='word_1_292' title='bbox 663 3688 774 3755; x_wconf 84' lang='lat' dir='ltr'><strong>cleptem</strong></span> <span class='ocrx_word' id='word_1_293' title='bbox 792 3685 915 3750; x_wconf 81' lang='lat' dir='ltr'><strong>(elam.</strong></span> <span class='ocrx_word' id='word_1_294' title='bbox 927 3689 1020 3753; x_wconf 59' lang='lat' dir='ltr'><strong>zei.</strong></span> <span class='ocrx_word' id='word_1_295' title='bbox 1033 3687 1109 3752; x_wconf 75' lang='grc' dir='ltr'><strong>ν.)Μ</strong></span> <span class='ocrx_word' id='word_1_296' title='bbox 1161 3692 1213 3741; x_wconf 78' lang='grc'>684</span> 
     </span>
    </p>
   </div>
   <div class='ocr_carea' id='block_1_6' title="bbox 121 3801 1212 3960">
    <p class='ocr_par' dir='ltr' id='par_1_39' title="bbox 121 3801 1212 3960">
     <span class='ocr_line' id='line_1_42' title="bbox 136 3801 1212 3890; baseline -0.001 -13"><span class='ocrx_word' id='word_1_297' title='bbox 136 3821 252 3890; x_wconf 78' lang='lat' dir='ltr'><strong>peliosl</strong></span> <span class='ocrx_word' id='word_1_298' title='bbox 304 3801 470 3879; x_wconf 69' lang='lat' dir='ltr'><strong>oscillent</strong></span> <span class='ocrx_word' id='word_1_299' title='bbox 528 3824 740 3878; x_wconf 69' lang='lat' dir='ltr'><strong>tessinheim.</strong></span> <span class='ocrx_word' id='word_1_300' title='bbox 791 3823 974 3890; x_wconf 77' lang='lat' dir='ltr'><strong>vicinaqztoto</strong></span> <span class='ocrx_word' id='word_1_301' title='bbox 992 3821 1017 3873; x_wconf 95' lang='grc' dir='ltr'><strong>Μ</strong></span> <span class='ocrx_word' id='word_1_302' title='bbox 1036 3825 1101 3886; x_wconf 85' lang='lat' dir='ltr'><strong>(tota</strong></span> <span class='ocrx_word' id='word_1_303' title='bbox 1118 3828 1136 3874; x_wconf 80' lang='lat' dir='ltr'><strong>t</strong></span> <span class='ocrx_word' id='word_1_304' title='bbox 1153 3842 1177 3877; x_wconf 82' lang='lat' dir='ltr'><strong>r.</strong></span> <span class='ocrx_word' id='word_1_305' title='bbox 1195 3841 1212 3876; x_wconf 88' lang='lat' dir='ltr'><strong>a</strong></span> 
     </span>
     <span class='ocr_line' id='line_1_43' title="bbox 121 3889 1211 3960; baseline 0.006 -23"><span class='ocrx_word' id='word_1_306' title='bbox 121 3892 202 3954; x_wconf 60' lang='grc' dir='ltr'><strong>,πῆ</strong></span> <span class='ocrx_word' id='word_1_307' title='bbox 239 3889 503 3946; x_wconf 73' lang='lat' dir='ltr'><strong>idcinahunerurai</strong></span> <span class='ocrx_word' id='word_1_308' title='bbox 540 3891 727 3945; x_wconf 79' lang='lat' dir='ltr'><strong>viciniarurao</strong></span> <span class='ocrx_word' id='word_1_309' title='bbox 776 3895 824 3945; x_wconf 81' lang='lat' dir='ltr'><strong>tot</strong></span> <span class='ocrx_word' id='word_1_310' title='bbox 839 3893 965 3960; x_wconf 81' lang='lat' dir='ltr'><strong>pariterh</strong></span> <span class='ocrx_word' id='word_1_311' title='bbox 1000 3893 1110 3958; x_wconf 88' lang='lat' dir='ltr'><strong>pretium</strong></span> <span class='ocrx_word' id='word_1_312' title='bbox 1121 3892 1211 3944; x_wconf 68' lang='lat' dir='ltr'><strong>Hom.</strong></span> 
     </span>
    </p>
   </div>
   <div class='ocr_carea' id='block_1_7' title="bbox 0 0 1350 4230">
    <p class='ocr_par' dir='ltr' id='par_1_40' title="bbox 0 0 1350 4230">
     <span class='ocr_line' id='line_1_44' title="bbox 0 0 1350 4230; baseline 0 0"><span class='ocrx_word' id='word_1_313' title='bbox 0 0 1350 4230; x_wconf 95' lang='lat' dir='ltr'><strong> </strong></span> 
     </span>
    </p>
   </div>
  </div>
 </body>
</html>
