2692 4230
117 136 178 201 302
574 148 730 204 ΜΕΤΔΜΜ.
832 186 840 202 .
1078 169 1194 208 cvcnors

11 311 15 320 '
116 318 174 381 hoo
195 339 287 401 pecus
309 339 396 384 omne
417 337 516 382 meum
539 328 599 392 est;
622 317 732 380 multae
753 340 874 405 qnoque
893 322 1018 387 vallibus
1039 335 1150 401 earam,

25 440 27 448 ·
116 403 223 468 multas
243 408 313 469 silva
335 407 418 485 tegit,
439 403 549 465 multae
570 400 757 464 stabulantur
777 405 808 468 in
830 408 931 470 antris

116 508 181 564 nec,
203 493 227 553 si
249 492 326 553 lorte
347 506 444 566 roges,
468 485 579 567 possim
601 484 654 546 tibi
675 486 784 562 dicere,
807 501 880 570 quot
901 494 968 556 siut

114 577 253 656 pauperis
274 585 318 638 est
339 587 494 634 numerare
516 588 619 650 pecus.
663 570 700 631 de
721 569 858 636 laudibus
878 579 982 640 harum

117 661 160 722 nil
181 661 253 723 mibi
276 655 449 720 credideris:
472 672 615 734 praeseus
637 664 723 736 potes
744 655 808 736 ipsa
829 659 938 736 videre,
1143 673 1190 726 att

114 747 216 808 utrix
237 745 417 806 circumeant
438 738 599 801 distentum
622 738 758 801 cruribus
778 739 862 803 uber.

112 839 193 904 sunt,
215 829 309 889 lotura
329 823 437 902 minor,
460 823 567 905 tepidis
589 825 620 886 in
643 822 768 885 ovilibus
789 826 869 904 agni,

113 921 183 977 sunt
204 927 332 992 quoque,
355 926 407 988 par
428 918 517 981 aetas,
540 908 605 970 aliis
625 909 656 971 in
680 907 806 970 ovilibus
826 910 920 973 haedi.

115 999 160 1060 lac
181 995 252 1057 mibi
274 1011 391 1073 semper
411 993 493 1053 adest
515 994 642 1057 niveum.
686 1011 755 1075 pars
776 993 845 1056 inde
867 994 993 1061 bibenda

113 1091 254 1152 servatur,
275 1087 388 1158 partem
409 1076 565 1158 liquefacta
587 1079 711 1157 coagula
732 1078 849 1140 durant

113 1184 168 1227 neo
189 1163 243 1226 tibi
264 1161 385 1224 deliciae
406 1161 507 1224 faciles
529 1163 704 1246 vulgataque
725 1171 839 1226 tantum

112 1267 236 1310 munera
257 1247 440 1325 contingent,
462 1247 596 1310 dammae
617 1249 794 1330 leporesque
816 1266 962 1330 caperque

111 1352 199 1415 parve
221 1331 423 1394 columbarum
445 1332 619 1415 demptusve
641 1334 795 1397 cacumine
817 1332 922 1396 nidus:

111 1417 210 1480 inveni
232 1417 375 1497 geminos,
398 1417 449 1497 qui
470 1425 567 1480 tecum
590 1420 693 1482 ludere
714 1419 840 1502 possint,

111 1503 188 1564 inter
210 1521 241 1566 se
263 1503 383 1577 similes,
405 1503 452 1564 vix
473 1510 507 1564 ut
527 1504 705 1582 dignoscere
726 1505 833 1586 possis,

109 1587 229 1650 villosae
250 1587 362 1649 catulos
383 1586 414 1647 in
437 1587 562 1647 summis
582 1586 734 1648 montibus
757 1608 852 1662 ursae,

109 1673 207 1735 inveni
230 1682 260 1733 et
281 1671 339 1733 diri
361 1669 520 1746 „dominae
540 1669 722 1731 servabimus
743 1671 847 1732 istos.“

110 1759 167 1820 iam
189 1757 277 1818 modo
299 1753 433 1816 caeruleo
457 1752 582 1814 nitidum
605 1763 695 1835 caput
715 1773 802 1816 exere
823 1763 927 1835 ponto,

109 1843 177 1915 iam,
199 1839 325 1913 Galatea,
348 1838 424 1912 veni,
447 1856 503 1900 nec
525 1856 648 1900 munera
670 1839 790 1920 despice
812 1851 921 1901 nostra.

110 1935 189 1988 certe
211 1942 265 2004 ego
287 1924 424 1985 menori
446 1922 635 2003 liquidaeque
657 1924 688 1985 in
711 1922 838 2001 imagine
859 1923 917 1985 vidi

109 2028 204 2090 nuper
225 2028 325 2089 aquae,
348 2007 518 2089 placuitque
539 2008 612 2069 mibi
634 2025 698 2070 mea
720 2009 813 2070 lorma
836 2008 954 2070 videnti.

108 2095 236 2176 adspice,
258 2094 312 2155 sim
334 2103 473 2172 quantus.
518 2110 580 2153 non
604 2101 649 2154 est
674 2094 733 2154 hoc
753 2111 881 2173 corporo
901 2093 995 2156 maior

107 2179 240 2261 luppiter
261 2179 292 2239 in
315 2179 412 2239 caelos
435 2194 503 2238 nam
525 2194 578 2237 vos
599 2195 719 2238 narrare
740 2175 842 2238 soletis

109 2264 209 2326 nescio
232 2280 319 2344 quem
340 2279 464 2340 regnare
485 2260 593 2323 lovem.
638 2280 722 2324 coma
745 2261 870 2343 plurima
892 2269 990 2324 torvos

107 2349 255 2430 prominet
276 2348 307 2408 in
328 2346 426 2408 vultus
447 2364 636 2426 umerosque,
659 2348 808 2420 mineus,
831 2345 997 2410 obumbrat.

108 2452 163 2495 nec
183 2453 249 2495 mea
270 2433 348 2512 quod
371 2431 473 2509 rigidis
494 2431 619 2492 horrent
639 2431 810 2493 densissima
832 2431 919 2493 saetis

107 2536 241 2598 corpora,
265 2528 351 2597 turpe
372 2527 451 2596 puta.
495 2516 591 2596 turpis
612 2515 677 2577 sine
698 2517 854 2578 frondibus
877 2516 974 2590 arbor,

105 2603 201 2683 turpis
223 2620 326 2682 equus,
348 2600 404 2663 nisi
426 2600 501 2662 colla
524 2601 611 2662 iubae
633 2600 765 2662 llaventia
787 2600 895 2674 velent,

107 2687 196 2749 barba
218 2687 294 2748 viros
315 2686 468 2767 hirtaeque
491 2686 597 2747 decent
618 2685 650 2746 in
673 2702 799 2766 corpore
820 2694 926 2746 saetae.

105 2789 198 2835 unum
221 2780 265 2832 est
286 2770 317 2831 in
339 2770 432 2831 media
455 2769 555 2831 lumen
579 2769 652 2830 mibi
675 2770 782 2844 fronte,
804 2770 855 2830 sed
877 2769 969 2830 instar

106 2857 235 2937 ingentis
257 2855 353 2934 clipei.
398 2851 491 3000 quid?
516 2873 577 2916 nou
600 2855 793 2917 haecomnia
816 2871 922 2933 magno

106 2941 157 3003 Sol
180 2942 257 3003 videl
278 2960 295 3002 e
317 2939 396 3001 caelo
457 2939 519 3001 Soli
542 2950 640 3001 tamen
665 2939 882 3031 unicusoorbis.

173 3129 223 3179 ma
241 3123 488 3194 possem-suotb
540 3125 591 3177 828
609 3118 739 3191 potepsbl
792 3125 842 3177 82⁸
860 3121 948 3176 mli
1000 3124 1050 3176 880
1069 3121 1176 3189 partein

919 3208 944 3259 q;
956 3193 1003 3254 (ab
1014 3189 1071 3241 ulia
1081 3195 1176 3248 manu)

106 3261 212 3327 coagula
224 3259 248 3312 Μ
302 3262 350 3314 832
368 3223 493 3311 dammae
506 3260 568 3324 (mm
586 3277 621 3310 ex
638 3264 692 3325 mn)
704 3258 728 3310 Μ
786 3261 835 3312 888
853 3273 899 3327 par
920 3274 951 3311 ua
975 3261 1001 3323 (a
1021 3259 1166 3377 πῗὲιῃεςείε

1095 3339 1110 3376 e

105 3399 187 3458 certa)
205 3393 229 3446 bl
281 3395 450 3463 demptusque
469 3395 485 3447 lr
547 3393 691 3445 domitusre
709 3392 734 3444 Μ
796 3396 846 3445 838
865 3393 915 3444 ism
932 3400 990 3444 tue
1048 3394 1131 3445 exime
1148 3390 1175 3444 Μ

105 3467 153 3518 848
176 3463 286 3531 aspicies
307 3472 430 3530 quantum
451 3461 477 3514 Μ
547 3461 596 3514 boc
618 3461 698 3512 estb
767 3463 817 3514 843
842 3463 910 3524 nam]
932 3475 1008 3528 quem
1029 3458 1056 3512 Μ
1124 3463 1176 3514 844

103 3547 259 3602 lobumbrst

120 3617 221 3669 oberrat
272 3632 285 3665 a
352 3617 435 3667 8487
455 3618 519 3680 port
536 3615 620 3669 8535
688 3615 737 3666 846
756 3628 802 3665 nec
825 3612 1044 3666 milri—durish
1112 3615 1175 3666 Post

104 3687 153 3738 848
171 3687 236 3735 baec
253 3684 379 3748 leguntur
396 3686 425 3733 r'rr
443 3701 474 3738 c.-
492 3682 578 3751 pluma
596 3683 714 3762 (plurima
732 3681 759 3746 b)
780 3683 845 3749 tegit
863 3682 992 3744 volucres,
1016 3681 1109 3734 ovibus
1126 3696 1173 3732 sua

102 3752 159 3805 lana
183 3750 282 3818 [avibus
305 3766 349 3803 sus
391 3750 459 3803 lumi
483 3753 506 3814 ι]
532 3750 618 3802 decori
645 3756 700 3812 αἱς
726 3765 796 3817 quoe
818 3752 935 3802 insiticio
960 3765 1015 3800 earo
1041 3749 1174 3801 intellexit

103 3819 204 3871 aller-leel
270 3820 316 3871 881
338 3767 390 3871 ref
400 3819 489 3884 instar]
508 3819 611 3870 sinistra
629 3816 655 3869 Μ
722 3820 771 3872 882
790 3818 838 3872 hoo
855 3835 891 3870 ea
907 3818 1128 3885 baec-mugnus
1145 3814 1173 3870 Μ

99 3891 151 3942 aad
167 3884 229 3956 soli}
246 3885 330 3941 solido
346 3885 372 3939 Μ
423 3887 480 3940 orbi
497 3884 524 3937 Μ
