2692 4230
132 119 297 159 urnnrnonns
567 102 619 168 Vll,
635 104 779 156 sat-ott.

134 277 246 357 grande
270 297 347 340 onus
369 276 474 354 exiguo
497 272 633 336 formicas
654 292 706 337 ore
727 281 863 354 gerentes

133 381 307 444 rugosoque
329 377 416 424 suum
439 367 586 420 servantes
609 361 717 423 cortice
738 359 851 423 callem.

134 448 206 511 dum
229 462 390 510 numerum
412 442 512 516 miror,
532 444 676 520 ‘totidem
698 453 783 527 pater
804 438 934 526 optime'
959 443 1027 520 dixi,

134 525 181 596 ‘tu
202 532 277 594 mihi
299 530 335 592 da
359 527 438 588 cives
460 539 490 589 et
510 528 607 592 inania
629 529 745 592 moenia
766 524 891 610 supple?

134 615 292 679 intremuit
313 612 463 692 ramisque
486 632 591 676 sonum
613 615 677 675 sine
698 612 817 674 flamine
838 613 926 674 motis

132 701 192 764 alta
213 697 294 762 dedit
317 715 455 777 quercus.
499 700 601 780 pavido
624 697 695 759 mibi
717 695 848 757 membra
871 696 975 759 timore

133 787 323 854 horruerant,
346 782 524 865 stabantque
546 801 654 846 comae.
697 789 795 842 omen
818 779 917 842 oscula
939 791 1033 844 terrae

132 865 363 948 roboribusque·
376 869 453 931 dedi.
497 887 553 930 nec
574 885 621 928 me
642 883 761 946 sperare
780 864 902 941 fatebar,

133 950 292 1034 sperabam
315 961 414 1016 tamen
437 963 526 1035 atque
547 951 643 1013 animo
665 969 730 1012 mea
751 958 817 1013 vota
839 949 982 1014 lorebtm.

133 1054 194 1099 nox
216 1035 307 1113 subit,
331 1048 360 1101 et
381 1039 463 1101 curis
484 1036 610 1098 exercita
631 1053 755 1117 corpora
779 1053 903 1098 somnus

133 1131 272 1204 occupat
314 1131 385 1186 ante
407 1122 511 1185 oculos
532 1121 631 1183 eadem
652 1120 725 1183 mihi
747 1139 875 1202 quercus
896 1120 997 1182 adesse

134 1215 164 1268 et
186 1207 364 1289 promittere
385 1208 463 1269 idem
485 1205 664 1288 totidemque
685 1204 820 1268 animalia
841 1204 930 1267 ramis

133 1291 214 1354 lerrc
236 1294 299 1355 suis
319 1292 381 1353 risa
403 1299 449 1353 est
470 1292 637 1373 pariterque
658 1290 826 1354 tremiscere
849 1300 934 1352 motu

134 1377 380 1458 graniferumque
402 1394 508 1456 agmen
531 1375 670 1438 subiectis
690 1392 829 1457 spargere
850 1374 882 1436 in
904 1374 994 1450 arris;

133 1480 270 1524 crescere
293 1461 373 1542 quod
396 1461 495 1522 subito
518 1471 548 1522 et
568 1461 662 1523 maius
682 1461 836 1541 maiusque
856 1459 947 1522 rideri

131 1564 168 1609 ac
189 1565 222 1608 se
244 1545 349 1607 tollere
371 1546 463 1607 humo
485 1554 624 1626 rectoque
645 1544 784 1608 adsistere
805 1554 911 1607 trunco

133 1641 164 1693 et
184 1629 311 1692 maciem
334 1649 552 1713 numerumque
572 1631 680 1713 pedum
702 1631 880 1712 nigrumque
903 1629 1032 1692 colorem

134 1733 250 1797 ponere
272 1724 302 1778 et
323 1716 483 1778 humanam
504 1716 644 1778 membris
665 1716 804 1779 iuducere
826 1716 960 1778 formam.

134 1817 260 1862 somnus
282 1800 359 1863 abit:
383 1802 490 1863 damno
513 1800 634 1880 vigilans
656 1819 721 1862 mea
741 1801 802 1862 visu
824 1819 992 1882 querorque

134 1884 165 1946 in
188 1885 308 1967 superis
330 1885 397 1967 opis
419 1904 483 1947 esse
506 1885 588 1948 nibil.
631 1894 661 1949 at
681 1886 712 1947 in
734 1885 855 1948 aedibus
877 1885 983 1967 ingens

132 1974 277 2032 murmur
293 1981 367 2046 erat,
394 1989 540 2053 vocesque
561 1971 712 2034 bominum
735 1971 873 2034 exaudire
893 1971 1013 2034 videbar

133 2055 192 2116 iam
214 2055 288 2117 mihi
311 2055 458 2117 desuetas.
499 2057 568 2118 dum
590 2056 725 2137 suspicor
746 2057 799 2118 bas
822 2073 939 2138 quoque
960 2056 1058 2118 somni

134 2158 209 2215 esse,
230 2141 311 2202 renit
334 2139 477 2203 Telamon
501 2158 654 2223 properus,
679 2141 852 2221 foribusque
873 2140 996 2204 reclusis

128 2217 258 2304 ‘speque
280 2225 408 2306 fideque,
430 2221 528 2307 pater’
552 2225 633 2303 dixit,
651 2219 774 2289 ‘maiora
796 2226 922 2290 ridebis:

133 2301 308 2388 egrederel’
335 2311 480 2390 egredior,
503 2311 661 2393 qualesque
682 2311 714 2372 in
735 2311 863 2390 imagine
885 2312 981 2375 somni

132 2393 215 2456 risus
237 2413 316 2458 cram
340 2395 448 2458 vidisse
469 2397 557 2472 viros,
580 2414 613 2457 ex
636 2395 739 2458 ordine
759 2394 832 2457 tales

131 2478 266 2561 adspicio
289 2498 453 2561 nosceque.
496 2482 606 2544 adeunt
626 2499 785 2562 regemque
805 2480 941 2544 salutant.

132 2572 200 2626 rota
222 2565 284 2626 lori
306 2565 389 2627 solvo
412 2566 591 2648 populisque
611 2567 779 2629 recentibus
797 2566 902 2628 urbem

133 2647 248 2730 partior
271 2660 300 2712 et
321 2668 431 2713 vacuos
452 2652 559 2732 priscis
581 2652 743 2714 cultoribus
764 2668 851 2731 egros

112 2733 113 2736 ’
131 2733 395 2816 Myrmidonasque
416 2754 500 2812 voco,
523 2755 579 2798 nec
600 2736 714 2816 origine
737 2737 856 2798 nomina
878 2736 991 2798 fraudo.

132 2836 260 2900 corpora
282 2820 397 2896 vidisti;
421 2839 519 2884 mores
541 2840 615 2903 quos
636 2831 704 2883 ante
725 2821 876 2901 gerebant,
1163 2830 1206 2880 655

132 2922 216 2965 nunc
239 2923 360 2986 quoque
381 2907 506 2968 babent:
529 2925 649 2987 parcum
672 2925 765 2987 genus
787 2915 832 2968 est
853 2906 1028 2988 patiensque
1050 2903 1183 2967 laborum

133 2989 319 3071 quaesitique
341 3001 428 3053 tenax
452 3005 480 3053 et
502 2993 580 3073 quod
603 2993 730 3073 quaesita
753 3004 889 3053 reservet.

130 3107 338 3118 ---
785 3093 932 3160 promittere
950 3091 1017 3144 idem
1036 3091 1194 3161 totidemque

200 3161 251 3211 634
270 3174 350 3211 sonus
369 3162 431 3224 (sic)
450 3175 489 3212 ex.
508 3176 530 3212 c.
548 3161 613 3213 curis
631 3178 644 3210 ε
713 3163 762 3214 636
784 3165 810 3212 et
834 3158 941 3213 totidem
967 3176 1012 3228 pro
1034 3159 1146 3212 sonnicis
1164 3175 1205 3214 an.

337 3245 361 3276 .,
439 3244 447 3266 ,

129 3328 150 3365 r.
169 3308 185 3362 l
238 3317 265 3364 et
281 3251 448 3380 mult&
466 3316 518 3394 (ere
536 3331 570 3364 ex
587 3314 623 3366 ire
640 3329 673 3365 m.
690 3315 718 3378 3)
740 3312 805 3366 idem
825 3313 982 3382 totidemque
1000 3311 1026 3365 Μ
1078 3321 1105 3368 et
1122 3331 1205 3368 ramos

130 3446 272 3500 tolideme
332 3450 382 3501 637
402 3399 552 3522 tremlscere
570 3449 596 3500 Μ
660 3452 710 3503 668
728 3451 972 3520 granigerumquea
1035 3453 1086 3539 dbil
1105 3449 1207 3519 quedl

129 3582 201 3635 dell
256 3588 282 3636 et
301 3600 352 3635 orn.
369 3585 408 3650 A,
425 3603 439 3636 e
457 3589 526 3638 coni.
543 3587 604 3638 add.
621 3587 711 3639 Heius.
762 3586 896 3643 ridetur:
959 3588 1010 3640 642
1027 3524 1055 3638 {t
1069 3590 1116 3651 (m.
1133 3588 1206 3653 2)Μ

130 3655 180 3705 644
199 3655 235 3716 at]
255 3651 332 3704 sede
386 3655 434 3705 tlt
454 3669 514 3706 ecce
530 3656 598 3706 reuit
617 3656 704 3706 Heius.
765 3657 813 3708 651
833 3655 912 3721 nosc]
932 3670 978 3707 nos
997 3653 1096 3723 lruq,l
1155 3660 1205 3711 665

129 3720 255 3786 regebant
281 3723 321 3785 (in
346 3736 416 3801 mrg3
433 3723 564 3789 gerebant)
581 3722 607 3775 Μ
675 3726 725 3778 666
747 3724 827 3776 stell
895 3738 1051 3791 parcumque
1075 3740 1156 3793 genus
1180 3743 1206 3794 p.

129 3856 220 3908 Heius.
273 3859 324 3910 657
343 3787 611 3926 {quw—resument
628 3858 653 3912 Μ
