2692 4230
115 119 176 182 336
571 129 725 183 ΜΕΤΑΜΜ.

113 298 173 361 lruc
194 299 284 376 venit,
306 300 376 363 hinc
397 299 477 375 illuc,
499 307 529 361 et
550 296 700 378 quoslibet
720 311 846 381 occupat
866 309 948 364 artus

114 382 235 464 spiritus
256 404 331 467 eque
353 385 423 447 ieris
443 385 572 446 humana
594 382 625 443 iu
648 398 774 462 corpora
795 386 901 449 transit

114 467 203 550 inque
225 470 302 533 leras
324 478 423 531 noster
445 485 501 528 nce
522 474 657 547 tempure
678 465 792 545 deperit
813 468 884 532 ullo.

115 563 205 636 utque
226 554 309 616 novis
330 551 423 614 facilis
445 550 578 629 signatur
599 568 666 613 cera
689 549 801 628 liguris,

115 655 171 702 nec
191 648 289 701 manet
309 645 343 698 ut
365 634 469 710 lucrat,
491 653 548 698 nec
569 634 693 697 formam
716 644 811 696 servat
833 637 964 714 eandem,
1138 644 1184 698 tto

114 723 164 785 scd
186 733 284 785 umen
306 721 369 800 ipsa
392 718 492 780 eadem
514 728 574 783 est:
597 721 725 783 animam
748 719 792 781 sic
813 737 930 800 semper
951 721 1074 785 eandem

115 825 188 881 esse,
208 806 259 868 sed
281 804 312 864 iu
334 801 426 864 varias
448 804 541 867 doceo
562 805 689 886 migrare
711 804 828 882 figuras.

114 909 194 970 ergo,
217 906 254 950 ne
277 887 370 968 pietas
392 887 431 950 sit
450 888 524 951 victa
547 890 687 972 cupidine
707 888 826 962 ventris,

115 975 235 1056 parcite,
257 971 409 1046 vaticinor,
431 983 571 1052 cognatas
592 975 682 1037 caede
705 972 829 1035 nefanda

115 1055 268 1119 exturbare
288 1057 410 1131 animas,
433 1076 490 1120 uec
511 1059 656 1139 sanguine
677 1057 798 1137 sanguis
819 1057 923 1119 alatur.
1138 1068 1184 1120 111
1288 1133 1292 1139 p

114 1152 144 1203 et
165 1141 302 1222 quoniam
324 1159 432 1222 magno
454 1143 535 1205 lercr
555 1161 685 1225 aequore
708 1144 855 1225 plenaque
875 1140 971 1203 ventis

114 1224 176 1286 vela
198 1225 279 1288 dedi:
302 1224 375 1288 nihil
397 1235 443 1289 est
465 1235 539 1304 tutu,
562 1230 641 1311 quud
664 1236 785 1311 perstet,
808 1228 838 1289 in
861 1225 941 1287 orbe.

115 1319 221 1372 cuncta
242 1311 348 1387 lluuut,
371 1313 527 1395 omnisque
548 1332 658 1394 vagans
680 1314 823 1376 formatur
844 1312 950 1390 imago.

113 1394 175 1474 ipsa
198 1412 315 1476 quoque
337 1397 458 1460 adsiduo
480 1397 621 1462 labuntur
641 1409 774 1480 tempora
795 1406 890 1472 motu,

115 1497 174 1540 non
197 1499 282 1543 secus
302 1500 338 1544 ac
358 1482 480 1546 flumen.
524 1483 722 1565 nequeenim
745 1483 907 1545 consistere
928 1480 1038 1542 flumen
1140 1485 1184 1539 180

114 1582 171 1627 nec
191 1564 262 1628 levis
284 1567 354 1628 liora
377 1576 483 1648 potest
526 1569 577 1629 sed
600 1576 634 1629 ut
655 1567 734 1629 unda
756 1566 908 1648 inpellitur
929 1565 1007 1628 unda

115 1661 316 1731 urgueturque
337 1653 420 1731 prior
439 1650 576 1713 veniente
602 1659 769 1730 urguetque
790 1650 930 1731 priorem,

115 1744 247 1816 tempora
269 1736 312 1797 sic
334 1735 452 1814 lugiunt
472 1735 583 1817 pariter
603 1734 773 1816 pariterque
795 1745 959 1815 sequuntur

114 1828 143 1879 et
165 1837 238 1880 nova
261 1828 330 1880 sunt
350 1837 476 1901 semper.
520 1838 588 1883 nam
611 1820 691 1901 quod
713 1818 771 1881 luit
790 1827 868 1895 ante,
890 1817 1025 1881 relictum
1042 1824 1101 1895 cst,

114 1902 203 1983 litque
225 1903 303 1983 quod
326 1904 401 1966 lraud
425 1905 529 1980 luerat,
551 1914 760 1985 momentaque
782 1914 887 1966 cuncta
910 1910 1064 1966 novantur.
1140 1909 1184 1962 185

113 1987 212 2049 cernis
234 1997 263 2049 et
283 2006 416 2051 emensae
437 1989 469 2064 in
492 1988 588 2052 lucem
611 1989 733 2053 tendere
755 1997 866 2062 noctes,

114 2080 143 2133 et
164 2072 247 2133 iubar
268 2073 326 2135 hcc
347 2069 475 2136 nitidum
496 2073 600 2154 nigrae
622 2073 781 2136 succedere
803 2073 892 2134 necti.

115 2175 170 2218 nec
191 2157 273 2219 color
295 2167 337 2219 est
359 2157 435 2219 idem
458 2158 550 2235 caelo,
573 2176 640 2220 cnm
663 2157 738 2219 lassa
760 2158 858 2238 quiete

114 2250 220 2303 cuncta
241 2241 337 2304 iacent
357 2242 462 2317 media,
485 2261 613 2325 cumque
635 2242 702 2305 albo
724 2242 843 2303 Lucifer
865 2241 924 2302 exit

116 2325 211 2388 clarus
233 2344 326 2406 equo;
349 2346 510 2408 rursusque
531 2328 617 2403 alius,
640 2345 708 2389 cum
731 2326 845 2408 praevia
866 2324 941 2388 lucis
1139 2331 1184 2384 198

113 2411 286 2472 tradendum
309 2411 427 2474 Phoebo
449 2411 606 2475 Pallantias
628 2412 722 2474 inficit
743 2411 855 2473 orbem.

116 2494 179 2576 ipse
200 2495 245 2557 dei
268 2495 390 2577 clipeus,
413 2508 490 2559 terra
511 2516 580 2560 cum
603 2496 716 2560 tollitur
738 2497 806 2570 ima,

115 2598 200 2641 ariane
222 2580 317 2654 rubet,
341 2591 488 2662 terraque,
509 2581 607 2654 rubet,
629 2600 698 2644 cum
721 2581 857 2643 conditur
879 2579 946 2653 ima,

115 2664 254 2726 candidus
276 2665 305 2726 in
329 2684 444 2728 summu
466 2675 520 2742 est,
541 2665 648 2729 melior
670 2676 773 2729 natura
795 2665 873 2747 quod
895 2662 957 2725 illic

113 2750 239 2811 aetheris
260 2759 304 2811 est
326 2759 479 2832 terraeque
501 2749 608 2832 procul
630 2751 765 2830 contagia
786 2749 870 2828 sugit.
1139 2753 1184 2806 tet

114 2853 169 2896 nec
190 2853 244 2915 par
264 2845 315 2896 aut
337 2835 436 2897 eadem
458 2845 622 2899 nocturnae
644 2836 737 2898 lcrma
759 2833 868 2896 Dianae

113 2937 176 2980 esse
198 2928 297 3000 potest
317 2938 466 3000 umquam.
510 2939 686 3002 semperque
707 2919 849 2981 hodierna
874 2923 1027 2998 sequente,

114 3003 138 3063 si
160 3003 274 3078 crescit,
296 3005 395 3066 minor
416 3018 470 3079 est,
491 3005 595 3080 maier,
617 3006 643 3066 ei
665 3004 812 3066 contrahit
833 3002 944 3065 orbem.

114 3086 206 3167 quid?
229 3107 288 3149 uon
312 3089 342 3150 in
365 3091 479 3171 species
500 3091 660 3153 succedere
681 3098 820 3170 quattuor
840 3104 950 3150 annum

114 3171 248 3253 adspicis,
272 3174 374 3236 aetatis
396 3183 585 3256 peragentem
608 3174 768 3236 imitamina
792 3168 933 3234 nesrac?
1136 3174 1181 3228 mu

114 3275 181 3319 nam
203 3268 287 3319 tener
307 3277 341 3320 ac
363 3258 474 3322 lactens
495 3259 640 3340 puerique
662 3258 828 3321 simillimus
850 3275 921 3319 aevo

113 3360 181 3404 rere
202 3360 278 3404 nuuc
301 3354 354 3404 est.
397 3343 581 3406 tunclrerba
603 3353 757 3406 recenset
780 3341 894 3404 roboris
917 3357 1022 3421 expers

183 3495 231 3547 168
249 3467 390 3544 nostran*
425 3496 473 3545 tau
486 3492 766 3546 formas-easdema
819 3492 1009 3553 tltnelneca
1061 3489 1109 3540 118
1122 3486 1180 3548 nec]

114 3611 180 3663 nelr
237 3573 414 3665 tetresaitlr
474 3612 521 3664 118
540 3611 639 3678 rasela
702 3609 934 3664 lturclvuntura
992 3609 1040 3661 188
1058 3606 1098 3668 ae]
1115 3601 1182 3656 utin

116 3679 163 3731 181
179 3679 253 3730 sicli
321 3694 375 3746 urg.
393 3678 481 3731 eadem
499 3679 650 3732 venientes
717 3678 805 3731 eadem
830 3679 935 3730 veniens
955 3677 1079 3743 plerique
1103 3670 1181 3724 cedd.

115 3745 216 3795 naemu
267 3749 314 3799 186
333 3746 495 3800 inmensaslr
547 3762 660 3801 emersas
678 3747 869 3799 coddliar‘mr'r‘
921 3746 1036 3799 lauret
1056 3738 1183 3794 Mearm

114 3814 339 3932 eeauetthllentlay
394 3818 441 3870 188
459 3815 562 3883 lapsae
616 3819 664 3869 198
683 3814 848 3868 contrahatlr
901 3815 949 3866 101
969 3813 1007 3874 ac]
1021 3814 1078 3864 ela
1130 3808 1181 3861 202

107 3888 196 3933 nitens
