2692 4230
128 180 247 222 acmnnss
555 167 608 233 llll,
626 171 770 223 iio-dli.

131 339 217 404 inrita
240 340 291 423 qui
313 359 429 403 mecum
452 338 577 419 posuisti
598 340 713 402 moenia
735 339 850 422 Troiae,

131 427 247 508 ecquid,
268 426 320 488 ubi
341 426 394 487 has
415 424 474 485 iam
495 423 553 486 iam
574 443 693 488 casuras
713 424 840 507 adspicis
859 435 952 498 arces,
1066 462 1068 466 -

130 508 279 592 ingemisl
299 517 350 572 aut
372 507 477 588 ecquid
498 518 543 571 tot
564 511 749 573 defendentia
770 527 871 574 muros

130 595 210 657 milia
232 612 316 656 caesa
337 590 442 654 doles?
463 595 578 676 ecquid,
600 614 639 657 ne
660 613 820 676 persequar
840 612 952 666 omnes,

131 679 266 742 Hectoris
288 676 392 738 umbra
413 678 494 742 subit
512 680 625 742 circum
647 697 699 741 sua
721 678 860 759 Pergama
883 675 989 741 tracti?

131 783 200 827 cum
221 772 319 824 tamen
341 759 391 823 ille
412 763 495 826 ieron
515 764 652 843 belloque
674 764 824 824 cruentior
845 764 910 843 ipso

131 849 201 910 sirit
221 846 326 919 adhuc,
349 848 448 928 operis
470 848 563 910 nostri
585 846 751 928 populator,
774 846 911 908 Achilles.

131 934 181 995 det
201 930 273 991 mihi
295 930 345 992 sel
368 933 443 1007 iano,
466 931 576 1012 triplici
599 930 668 1011 quid
691 930 811 1010 cuspide
832 931 952 1010 possim,

131 1015 247 1078 sentiat.
289 1026 318 1078 at
340 1018 480 1098 quoniam
502 1033 678 1077 concurrere
699 1015 864 1076 comminus
885 1014 961 1075 hosti

132 1118 194 1161 non
216 1099 310 1174 datur,
332 1100 446 1163 ecculm
469 1099 648 1180 necopinum
670 1101 760 1180 perde
781 1093 916 1179 sagittal'

131 1184 235 1246 adnuit
255 1194 343 1266 atque
364 1186 463 1248 animo
486 1185 596 1266 pariter
615 1184 771 1267 patruique
792 1202 906 1265 suoque

132 1268 233 1331 Delius
254 1270 411 1351 indulgens
433 1270 540 1332 nebula
561 1269 671 1332 velatus
692 1268 723 1331 in
746 1287 850 1349 agmen

132 1355 266 1436 persenit
286 1354 408 1417 Iliacum
430 1355 583 1435 mediaque
604 1356 635 1416 in
658 1354 746 1415 caede
767 1354 895 1415 virorum

132 1457 198 1502 rara
219 1457 274 1520 per
295 1440 415 1520 ignotos
436 1448 622 1519 spargentem
645 1438 740 1500 cernit
759 1437 885 1499 Achivos

133 1523 192 1587 tela
213 1522 311 1585 Parin.
355 1525 507 1603 lassusque
529 1523 616 1584 deum
635 1515 720 1603 ‘quid
742 1521 854 1603 spicula
875 1522 974 1604 perdis

133 1609 277 1689 sanguine
299 1602 431 1688 plebis‘l'
455 1607 504 1669 ait.
545 1599 643 1689 ‘siqua
664 1616 709 1669 est
730 1605 782 1668 tibi
805 1625 875 1669 cura
896 1614 1025 1681 tuorum,

132 1703 245 1755 vertere
267 1692 298 1752 in
320 1691 466 1755 Aeaciden
488 1710 648 1774 caesosque
669 1691 811 1754 ulciscere
833 1683 967 1754 iratrcsl’

134 1777 206 1838 dixit
227 1785 265 1846 et,
287 1777 448 1839 ostendens
469 1786 650 1839 sternentem
672 1776 777 1837 'l'roica
799 1775 877 1837 lerro
1023 1784 1026 1792 ⁴

134 1878 258 1942 corpora
280 1861 412 1936 Peliden,
434 1879 520 1923 arcus
542 1860 667 1923 obvertit
688 1859 719 1922 in
740 1859 824 1922 illum

135 1955 274 2026 certaque
296 1946 408 2008 letifera
430 1946 535 2009 direxit
554 1945 666 2028 spicula
688 1946 798 2008 dextra.

133 2031 212 2111 quod
234 2029 368 2092 Priamus
390 2031 518 2109 gaudere
540 2049 629 2092 senex
651 2039 721 2111 post
743 2030 868 2092 Hectora
890 2039 999 2109 posset,

132 2116 190 2177 hcc
211 2115 276 2175 luit.
319 2115 370 2182 ille
392 2116 481 2194 igitur
503 2124 652 2177 tantorum
674 2115 777 2188 victor,
799 2113 922 2190 Achille,

131 2200 226 2261 victus
248 2217 280 2260 es
301 2218 318 2260 a
340 2199 442 2262 timido
466 2199 568 2261 Graiae
590 2207 709 2280 raptore
729 2198 867 2260 maritae!

132 2284 206 2346 atsi
230 2283 358 2345 femineo
381 2286 476 2347 luerat
497 2284 549 2347 tihi
572 2284 662 2346 llarte
684 2283 857 2356 cadendum,

132 2368 396 2431 Thermodontiaca
417 2368 519 2432 malles
541 2369 681 2432 cecidisse
703 2367 834 2449 bipenni.

217 2453 277 2514 lam
300 2453 388 2516 timor
409 2453 459 2514 ille
480 2453 639 2533 Phrygum,
660 2452 751 2514 decus
772 2462 801 2514 et
823 2450 913 2513 tutela
936 2449 1050 2529 Pelasgi

133 2538 272 2611 nominis,
295 2538 444 2612 Aeacides,
467 2547 557 2620 caput
577 2535 774 2618 insuperabile
795 2534 884 2610 bello,

132 2632 258 2684 arserat:
281 2630 408 2685 armarat
429 2623 503 2684 deus
525 2621 611 2695 idem,
634 2622 771 2702 idemque
792 2627 942 2684 cremarat.

133 2708 189 2768 iam
212 2708 287 2769 cinis
310 2717 365 2784 est,
387 2717 416 2769 et
438 2707 475 2769 do
497 2716 556 2768 um
579 2724 686 2785 magno
708 2716 796 2768 restat
817 2705 931 2768 Achille

132 2793 233 2854 nescio
256 2792 338 2872 quid,
360 2810 477 2872 parram
501 2791 579 2872 quod
603 2810 663 2857 nou
686 2789 762 2852 bene
784 2790 922 2872 conpleat
944 2808 1065 2852 urnam:

132 2888 162 2938 at
182 2877 250 2936 vivit
273 2885 368 2937 totum
391 2895 467 2957 qnae
489 2877 582 2956 gloria
604 2875 741 2956 conpleat
763 2875 875 2937 orbem.

132 2963 205 3023 haec
227 2961 268 3022 llli
290 2978 427 3022 mensura
448 2961 511 3022 viro
532 2961 694 3042 respondet
716 2971 744 3022 et
765 2961 820 3022 hac
842 2970 885 3021 est

133 3064 187 3127 par
209 3045 264 3106 sibi
287 3045 403 3107 Pelides
426 3064 480 3108 nec
503 3046 599 3107 inania
621 3045 741 3107 Tartara
763 3045 862 3107 sentit.

133 3132 196 3212 ipse
218 3132 316 3199 etiam,
339 3140 382 3201 ut,
405 3130 491 3192 cuius
514 3131 611 3202 luerit,
634 3148 813 3208 cognoscere
835 3147 947 3210 posses,

132 3214 207 3276 bella
231 3224 328 3275 movet
349 3214 471 3296 clipeus,
494 3216 589 3295 deque
610 3215 699 3276 armis
720 3233 798 3275 arma
821 3215 965 3275 seruntur.

133 3318 194 3360 non
217 3319 249 3361 ea
272 3299 408 3379 Tydides,
431 3319 491 3362 non
514 3301 601 3362 audet
623 3298 723 3361 Oileos
744 3299 824 3372 Aiax,

130 3435 336 3445 *—

201 3500 423 3568 58³eccequida
468 3499 606 3552 basonuh
652 3499 778 3552 haschis
826 3498 996 3550 iamesorelli
1048 3499 1097 3549 596
1109 3494 1201 3547 sentidr

132 3565 159 3618 bl
207 3568 332 3619 sentiets
383 3571 431 3620 691
452 3569 607 3636 necopinlear
618 3572 697 3631 mlum
715 3566 740 3618 ll
787 3569 836 3620 592
855 3574 996 3635 patruoque
1013 3565 1101 3616 licias.
1151 3565 1201 3615 595

133 3633 248 3701 gnaralll
301 3638 351 3688 696
369 3636 449 3702 parim
468 3635 493 3686 bl
546 3635 629 3687 lassus
647 3652 683 3686 ex
699 3634 838 3702 sparsusll
890 3638 938 3687 ast
958 3640 998 3686 est
1015 3632 1099 3684 ooth
1151 3633 1201 3684 dds

133 3702 212 3770 quod}
231 3718 282 3770 quo
301 3702 326 3753 ll
378 3707 427 3756 663
445 3703 489 3754 ille
508 3701 552 3771 ig]
570 3704 619 3754 hoc
637 3720 745 3755 nnuma
796 3703 902 3754 achilles
918 3701 942 3753 ll
995 3706 1044 3755 fidi
1063 3698 1202 3752 riccerisa

134 3774 183 3824 606
196 3770 329 3822 thermodo
342 3770 473 3823 ontiacali
526 3774 575 3823 699
586 3772 714 3823 cremabat
726 3769 750 3821 bl
802 3776 848 3824 611
864 3773 999 3838 parrumA
1064 3766 1202 3820 arvamed.

130 3842 219 3904 princ.
265 3841 315 3892 619
327 3838 470 3891 haecestA
517 3839 767 3891 hacestenrdlaim,
812 3837 982 3906 dllparjllbl
1028 3785 1099 3893 tibi:
1135 3849 1203 3910 =seu·

135 3907 193 3958 tiss
239 3905 348 3958 somitM
395 3910 443 3959 615
457 3907 577 3974 possess
624 3907 808 3976 possisller'ns.
851 3903 1098 3970 bllnonlnuusu
1126 3897 1227 3944 uxum
