2692 4230
113 113 175 180 2³8
570 127 725 182 idli'l'hllll.
958 142 1078 183 ommno
1107 143 1183 183 more

111 304 203 378 utque
224 316 310 362 suum
332 299 454 383 laqueis,
476 315 553 379 quos
573 295 699 359 callidus
718 296 830 362 abdidit
849 317 968 381 anceps,

112 399 179 444 crus
200 383 252 446 ubi
273 385 419 448 commisit
438 378 568 443 volucris
588 379 741 460 sensitque
762 384 869 460 teneri,

112 465 262 549 plangitur
283 488 318 533 ac
339 468 489 549 trepidans
510 463 667 542 adstringit
689 463 805 529 vincula
826 478 924 531 motu:
1150 476 1179 528 rt

109 550 162 625 ric,
183 565 215 616 ut
237 571 370 635 quaeque
391 548 455 612 solo
476 548 570 609 delixa
592 549 763 610 cohaeserat
785 552 898 626 harum,

109 647 270 700 exsternata
292 639 390 715 lugam
413 632 521 694 lrustra
544 632 714 714 temptabat.
756 643 786 695 at
810 635 888 699 illam

109 721 187 785 lenta
210 730 292 784 tenet
311 719 391 782 radix
414 716 667 799 exsultantemque
688 726 815 781 coercet.

108 807 236 888 dumque
258 804 308 867 ubi
329 803 389 864 sint
409 801 503 880 digiti,
524 802 596 865 dum
618 822 672 884 pes
693 801 756 877 ubi,
779 805 902 884 quaerit,
924 816 955 868 et
977 824 1102 888 ungues,

107 891 230 972 adspicit
251 890 281 950 in
305 895 412 948 teretes
433 885 547 965 lignum
569 888 728 950 succedere
749 904 843 949 suras
1147 899 1177 952 9)

106 984 136 1037 et
156 982 259 1036 conata
281 971 376 1033 lemur
397 971 540 1034 maerenti
561 972 703 1054 plangere
724 971 834 1047 dextra,

105 1059 210 1120 robora
231 1055 387 1137 percussit
430 1065 533 1138 pectus
555 1076 674 1140 quoque
696 1056 804 1119 robora
825 1057 909 1130 dunt,

104 1142 210 1205 robora
231 1149 303 1202 sunt
323 1139 427 1216 umeri,
447 1141 649 1223 frondosaque
669 1142 805 1206 bracchia
827 1159 911 1203 veros

105 1244 167 1288 esse
189 1235 274 1306 putes
295 1244 402 1301 ramos,
424 1235 454 1288 et
475 1244 536 1288 non
559 1226 661 1291 lallare
681 1228 823 1310 putando.
852 1267 855 1274 ·

186 1308 248 1373 Nec
268 1311 338 1373 satis
358 1311 416 1374 hoc
435 1310 553 1374 Baccho
576 1323 636 1376 est:
659 1313 741 1396 ipsos
762 1330 880 1394 qnoque
901 1309 1010 1373 deserit
1030 1329 1117 1392 agros
1143 1321 1172 1374 95

101 1395 561 1564 tttttttlttttbttt:
574 1398 847 1545 ltttltlth

101 1574 233 1648 tempore
253 1585 310 1628 nec
332 1567 406 1629 caris
428 1577 489 1628 erat
510 1565 674 1628 invidiosus
694 1567 822 1628 harenis.

100 1650 180 1712 buno
200 1651 318 1713 adsueta
341 1651 448 1712 cohors
469 1650 557 1729 satyri
580 1649 767 1730 bacchaeque
787 1649 992 1729 frequentant:

99 1743 129 1796 at
150 1735 268 1797 Silenus
288 1733 381 1796 abest.
425 1732 601 1795 titubantem
623 1733 770 1814 annisque
791 1751 933 1814 meroque
1140 1743 1170 1795 99

98 1819 243 1880 ruricolae
264 1837 370 1899 cepere
390 1817 521 1898 Phryges
541 1818 734 1900 vinctumque
755 1818 875 1880 coronis

98 1903 133 1964 ad
154 1921 253 1983 regem
275 1903 384 1965 duxere
405 1901 515 1978 hlidan,
537 1903 586 1966 cui
609 1902 752 1966 Thracius
775 1902 911 1985 Orpbeus

97 1987 177 2066 orgia
199 1986 356 2050 tradiderat
377 2005 444 2049 cum
466 1986 611 2069 Cecropio
634 1987 790 2069 Eumolpo.

97 2072 147 2152 qui
170 2071 257 2133 simul
278 2071 396 2152 agnovit
416 2072 531 2135 socium
553 2071 752 2153 comitemque
774 2088 935 2144 sacrorum,

96 2156 220 2237 hospitis
240 2157 365 2220 adventu
387 2157 494 2219 lestnm
517 2156 672 2236 genialiter
694 2157 753 2238 egit
1136 2164 1166 2216 ut

96 2239 215 2322 perbis
237 2241 368 2323 quinque
389 2242 451 2304 dies
474 2250 502 2304 et
524 2242 640 2304 iunctas
662 2243 766 2305 ordine
788 2252 901 2303 noctes.

95 2336 124 2387 et
145 2325 201 2386 iam
223 2325 372 2409 stellarum
393 2325 519 2388 sublime
539 2337 677 2408 coegerat
697 2345 802 2406 agmen

94 2409 212 2472 Luciler
233 2412 415 2485 undecimus,
437 2411 534 2492 Lydos
556 2429 625 2474 cum
647 2411 742 2474 laetus
762 2412 793 2473 in
816 2427 902 2490 agros

93 2514 144 2557 rex
166 2495 244 2558 venit
265 2505 295 2558 et
315 2497 413 2559 iuveni
436 2496 568 2558 Silenum
591 2496 688 2560 reddit
709 2495 838 2559 alumno.

93 2580 162 2642 huic
183 2580 255 2642 deus
276 2581 395 2663 optandi
417 2590 545 2660 gratum,
566 2582 618 2644 sed
641 2581 755 2653 inutile,
777 2580 847 2643 lecit

93 2665 223 2727 muneris
243 2665 407 2740 arbitrium,
428 2668 560 2745 gaudeus
581 2665 673 2730 altore
696 2675 824 2748 recepto.

91 2748 140 2812 ille
161 2749 236 2812 male
258 2769 367 2813 usurus
388 2751 474 2813 donis
495 2750 534 2812 ait
553 2744 662 2826 ‘effice
684 2749 825 2831 quicquid

91 2853 215 2916 corpore
236 2835 399 2916 contigero,
422 2833 533 2898 lulrum
554 2844 686 2897 uertatur
707 2836 737 2897 in
760 2825 884 2897 aurum.³

90 2920 190 2982 adnuit
213 2920 321 3002 optatis
343 2920 536 3001 nocituraque
557 2938 681 2982 munera
703 2919 789 2982 solrit

89 3004 186 3079 Liber,
208 3016 237 3067 et
258 3005 395 3078 indoluit,
415 3006 494 3085 quod
518 3023 579 3067 non
602 3003 723 3067 meliora
745 3004 877 3086 petisset.
1119 3009 1160 3061 tut

89 3087 180 3151 laetus
201 3090 260 3151 abit
282 3091 447 3171 gaudetque
469 3089 545 3151 malo
568 3088 759 3170 Berecyntius
780 3090 868 3151 heros
1084 3083 1088 3092 ’

155 3290 415 3355 ldibrlbearltbl
477 3292 511 3343 tt
529 3289 750 3358 sicquccriquee
801 3283 962 3392 cohereapld
1014 3286 1047 3337 19
1065 3279 1159 3337 sunll

86 3440 234 3509 illinguisld
299 3446 331 3498 89
350 3443 436 3496 teretis
453 3442 479 3495 lt
532 3439 668 3511 signuml
732 3370 951 3506 sllffxgggeebl
1016 3435 1157 3502 erlongus

87 3525 187 3578 quoque
210 3510 288 3565 brit
340 3509 512 3578 frondosaque
533 3515 637 3563 conieci
688 3510 850 3578 digitosaque
871 3512 904 3560 ei.
923 3506 1001 3602 Polie.
1046 3503 1158 3570 liguore-

85 3663 266 3732 queci.llr‘ese
313 3670 480 3732 porrectaque
498 3663 555 3716 edd.
575 3667 636 3716 cett
689 3667 721 3718 91
740 3659 848 3730 putasl
896 3591 1056 3712 pallias„
1110 3655 1156 3708 lel-

84 3731 165 3784 lerea
225 3731 350 3786 scatit
412 3734 445 3787 99
464 3730 597 3801 tymolibl
659 3733 692 3784 89
709 3732 768 3793 sat]
786 3727 885 3782 muril
937 3722 1154 3782 tentamenti

84 3801 116 3853 92
133 3798 217 3852 ididan
240 3800 258 3865 ti
274 3817 309 3852 er
329 3799 395 3860 ethi
465 3803 498 3854 ot
522 3799 643 3852 comitem
664 3794 850 3865 sociumquel
918 3799 950 3850 99
972 3791 1153 3847 edreutnmbl

82 3871 115 3922 99
133 3864 219 3920 tuml
274 3871 321 3923 199
339 3868 437 3937 optanti
456 3863 472 3920 λ
526 3871 571 3922 191
591 3867 676 3921 ultore
693 3865 718 3919 bl
