2692 4230
173 115 265 156 neoni.
296 120 405 158 raesens
592 103 643 168 Vll,
662 106 805 158 ato-tot.

175 273 292 350 vicerat,
316 286 345 338 et
367 283 466 357 spreto
490 272 598 334 totiens
619 271 711 336 iratus
732 294 832 339 amore

173 361 300 440 praemia
324 358 459 442 poscenti
481 367 598 419 taurum
618 361 913 442 supremanegabat.

173 444 221 506 ille
243 446 415 526 indignatus
433 434 549 523 ‘cupies
570 440 656 507 dare'
680 446 752 507 dixit
771 457 800 508 et
821 448 880 509 alto

172 529 289 591 desiluit
310 546 389 589 saxo.
434 527 533 588 cuncti
556 529 697 591 cecidisse
718 531 878 610 putabant:

172 614 267 677 lactus
290 612 354 673 olor
378 611 469 672 niveis
491 614 638 694 pendebat
658 615 688 675 in
711 625 778 676 atra
800 617 918 696 pennis.

170 709 201 760 at
222 696 356 776 genetrix
378 693 476 775 llyrie,
499 700 606 762 servari
630 698 737 770 nescia,
764 699 862 762 llendo

170 782 285 844 dilicuit
306 789 502 863 stagnumque
524 803 578 846 suo
601 785 638 845 da
660 782 782 843 nomine
804 784 882 845 iecit.

171 867 282 928 adiacet
304 865 350 926 his
372 866 511 942 Pleuron,
533 869 565 930 in
588 887 646 949 qua
668 867 883 946 trepidantibus
904 869 959 931 alis

171 949 282 1029 Ophias
304 950 409 1031 ellugit
433 963 569 1016 natorum
591 951 712 1013 vulnera
734 951 854 1014 Combe.

170 1033 239 1095 inde
262 1034 418 1099 Calaureae
441 1037 580 1100 Letoidos
600 1035 726 1117 adspicit
747 1055 824 1112 arva,

171 1118 202 1179 in
225 1119 375 1183 volucrem
397 1122 473 1184 versi
496 1139 564 1182 rum
586 1120 713 1201 coniuge
735 1122 853 1184 conscia
876 1122 964 1202 regis.

117 1280 119 1283 ι
169 1204 287 1267 dextera
310 1206 429 1287 Cyllene
451 1214 506 1278 est,
531 1205 561 1266 in
585 1224 732 1285 quacum
752 1216 845 1269 matre
868 1207 1053 1290 Menephron

111 1339 113 1343 .
169 1291 385 1353 concubiturus
406 1300 468 1352 erat
488 1308 638 1352 saevamm
661 1309 744 1353 more
766 1292 903 1354 lerarum.

169 1374 317 1457 Cephison
341 1374 447 1456 procul
468 1374 540 1437 binc
560 1375 717 1438 deflentem
739 1377 796 1438 iata
820 1376 937 1457 nepotis

167 1461 299 1542 respicit,
322 1461 353 1521 in
375 1459 515 1521 tumidam
538 1460 655 1539 phocen
676 1460 713 1521 ab
735 1459 874 1541 Apolline
895 1461 982 1535 versi,

168 1544 343 1624 Eumelique
365 1544 486 1606 domum
508 1544 640 1624 lugentis
661 1543 692 1606 in
714 1555 782 1607 aere
804 1555 915 1608 natum.

168 1630 284 1692 tandem
306 1629 434 1709 vipereis
455 1629 595 1718 Ephyren
617 1629 753 1692 Pirenida
775 1631 884 1711 pennis

167 1713 301 1792 contigit.
345 1714 395 1775 hic
416 1733 486 1776 aevo
510 1723 622 1777 veteres
642 1714 774 1777 mortalia
797 1716 893 1797 primo

168 1816 293 1879 corpora
315 1797 474 1877 vulgarunt
495 1797 672 1879 pluvialibus
693 1800 770 1861 edita
792 1801 902 1880 iungis.

166 1884 219 1945 sed
241 1891 400 1964 postquam
423 1882 541 1945 Colchis
563 1883 634 1946 arsit
657 1902 731 1946 nova
753 1895 846 1966 nupta
868 1885 1002 1961 venenis,

168 1969 400 2048 flagrantemque
422 1969 543 2031 domum
564 1969 643 2048 regis
664 1988 745 2031 mare
765 1971 837 2033 vidit
856 1980 1025 2053 utrumque,

166 2054 311 2133 sanguine
334 2064 470 2115 natorum
493 2054 681 2134 pertunditur
703 2055 805 2135 inpius
826 2056 917 2129 ensiS,

165 2139 286 2218 ultaque
308 2157 339 2199 se
361 2137 438 2199 malc
459 2147 553 2200 mater
574 2138 689 2200 Iasonis
711 2140 816 2219 elingit
837 2158 926 2203 arma.

165 2223 236 2285 hinc
258 2221 418 2284 Titaniacis
439 2221 533 2285 ablata
555 2223 734 2287 draconibus
754 2225 848 2288 intrat

166 2307 309 2370 Palladias
330 2326 423 2380 arces,
447 2326 522 2388 quae
543 2317 582 2382 te,
605 2308 764 2372 iustissima
786 2310 898 2383 Phene,

165 2405 263 2473 teque,
286 2411 377 2454 senex
399 2391 535 2474 Peripha,
557 2393 668 2473 pariter
690 2395 787 2456 videre
809 2394 940 2456 volantes

166 2478 358 2557 innixamque
382 2477 464 2538 novis
487 2487 607 2559 neptem
629 2478 840 2560 Polypemonis
861 2479 925 2540 alis.

166 2563 275 2643 excipit
296 2565 373 2624 hauc
395 2564 521 2642 Aegeus,
543 2563 619 2625 iacto
643 2563 827 2626 damnandus
850 2564 881 2625 in
903 2580 982 2638 uno;

166 2666 222 2708 nec
244 2647 314 2708 satis
336 2647 497 2728 hospitium
520 2657 580 2709 est:
604 2647 722 2710 thalami
744 2667 864 2729 quoque
887 2648 1007 2710 loedere
1029 2646 1135 2727 iungit.

251 2732 372 2812 lamque
393 2733 492 2794 aderat
513 2733 655 2806 Theseus,
679 2734 777 2815 proles
800 2733 903 2813 ignara
927 2733 1054 2815 parenti,

166 2817 216 2896 qui
240 2818 345 2878 virtute
366 2836 418 2878 sua
440 2817 582 2878 bimarem
604 2828 757 2898 pacaverat
778 2819 923 2880 lstbmon.

164 2902 254 2963 huius
276 2903 306 2963 in
330 2902 450 2963 exitium
473 2903 578 2964 miscet
599 2903 701 2964 lledea
724 2904 804 2983 quod
827 2904 898 2965 olim

164 2986 303 3048 attulerat
325 3005 425 3048 secum
448 2986 592 3067 Scythicis
614 2989 753 3050 aconiton
776 2988 812 3050 ab
835 2990 906 3049 oris.

164 3106 368 3117 ————-.-

234 3175 283 3225 375
302 3177 388 3239 spreto
406 3171 563 3238 Naugerdus
632 3173 721 3226 stricto
739 3174 761 3224 ,t
831 3171 1058 3240 376laurum1in
1077 3188 1164 3237 marg.
1181 3171 1206 3223 Μ
1224 3190 1242 3223 a

165 3257 199 3292 m.
218 3243 246 3291 b:
266 3247 364 3291 tantum
443 3243 492 3293 377
511 3239 616 3308 cupiells
634 3239 660 3292 Μ
738 3244 787 3296 380
806 3246 971 3296 εεῑνεὶυηις
1039 3240 1135 3292 servati
1153 3241 1241 3295 Heius.

164 3313 211 3362 381
232 3312 272 3360 sic
290 3310 442 3359 Pn'srr‘unus
459 3309 565 3361 delicuit
583 3309 600 3361 C
653 3308 755 3362 delituit
772 3330 786 3361 a
846 3313 895 3364 383
915 3309 1022 3375 Combe]
1041 3307 1132 3360 Jambe
1151 3312 1183 3360 ci.
1202 3310 1242 3361 ed.

163 3375 461 3442 Atd.1502(f.tut‚o)
517 3381 567 3431 384
585 3377 655 3444 aspid
671 3381 689 3429 i.
707 3396 730 3430 r.
743 3378 786 3429 Μ8
838 3384 906 3431 astat
924 3374 984 3429 ini
1048 3379 1098 3430 386
1116 3376 1242 3429 dextraC

163 3441 309 3563 cylleniql
376 3442 555 3512 meuepboni
624 3448 672 3499 389
690 3447 755 3499 rerti
773 3445 824 3511 Μ’,
842 3463 913 3498 corr.
930 3445 1000 3497 ne?
1070 3448 1120 3498 390
1138 3441 1243 3497 inarei.

163 3523 249 3565 natam
318 3516 356 3575 (et
372 3512 459 3564 lliesio
477 3518 543 3564 teste
560 3509 596 3579 i),
614 3530 662 3565 cm.
681 3515 793 3567 Suebici·
846 3518 895 3569 395
914 3514 983 3580 regis
1002 3509 1087 3566 orni
1138 3513 1242 3565 maleC

163 3597 234 3633 corr.
248 3581 399 3632 Gronovius
451 3587 558 3648 utroque
575 3600 590 3633 a
640 3585 689 3636 399
707 3583 847 3635 iustissime
863 3583 900 3647 A,
919 3598 990 3634 corr.
1007 3583 1068 3634 lob.
1082 3581 1143 3633 Chr.
1156 3582 1243 3644 dabor

162 3649 321 3716 phoeneub
374 3646 504 3716 phineui.
556 3650 642 3703 Phene
660 3667 708 3702 ern.
726 3652 786 3703 lon.
805 3652 866 3704 Chr.
884 3652 956 3703 Jahn
1008 3649 1149 3702 iustissima
1168 3649 1241 3700 Phini

163 3723 197 3771 rt.
215 3718 351 3769 Schrader
420 3721 466 3771 llll
493 3718 681 3786 poliphenronis
698 3719 735 3785 A,
757 3736 806 3772 em.
823 3720 951 3788 Micyllus
1020 3721 1070 3772 402
1094 3717 1121 3770 iu
1138 3734 1189 3771 uuo
1207 3734 1242 3769 cc

162 3869 240 3906 muno
258 3853 302 3905 Μ2
354 3856 404 3906 loa
422 3850 573 3920 hospicioi.
626 3858 676 3908 405
695 3854 749 3923 qui]
768 3862 794 3908 et
812 3854 838 3907 Μ
891 3816 1038 3924 priuatam
1055 3852 1206 3908 illltmoubl
