2692 4230
153 118 241 156 cenes.
271 120 402 159 aneruusa
595 101 627 168 V,
643 104 787 156 439-509.
1172 105 1232 170 109

155 274 207 336 illo
230 277 306 340 torte
328 278 394 342 loeo
417 276 564 356 delapsam
587 273 617 335 in
641 274 756 354 gurgite
778 293 873 350 sacro,

154 359 362 444 Persephones
384 377 487 423 aonam
510 360 633 422 summis
654 361 783 423 ostendit
803 361 834 422 in
857 361 954 423 undis.
1189 375 1233 426 tto

156 463 244 526 mam
267 448 356 510 simul
377 443 506 525 agnovit,
528 455 674 526 tamquam
696 458 769 508 tunc
789 446 919 528 denique
940 455 1052 528 raptam

155 532 268 608 scisset,
291 533 445 595 inornatos
467 528 585 591 laniavit
605 532 668 593 dira
690 530 813 611 capillos

157 627 188 679 et
207 617 332 698 repetita
355 615 417 676 suis
439 616 585 693 percussit
606 625 725 696 pectora
746 614 862 695 palmis,

156 702 253 764 nescit
275 701 382 769 adhuc,
404 698 455 759 ubi
478 699 531 761 sita
556 712 648 763 terras
670 709 766 761 tamen
788 699 923 781 increpat
944 717 1048 764 omnes

154 787 347 866 ingratasque
368 792 452 845 vocat
475 805 529 848 nec
549 786 668 865 frugum
690 803 814 846 munere
835 784 949 864 dignas,

154 867 337 932 Trinacriam
359 876 429 931 autc
450 870 530 945 alias,
552 872 583 932 in
606 890 663 951 qua
683 869 812 949 vestigia,
825 869 925 933 damni

154 953 298 1034 repperit.
342 971 412 1034 ergo
436 955 497 1017 illic
519 974 601 1017 saeva
623 953 764 1016 vertentia
786 952 904 1032 glaebas

154 1037 242 1116 tregit
263 1046 356 1100 aratra
379 1058 479 1114 manu,
502 1040 646 1121 parilique
667 1039 738 1100 irata
761 1037 885 1101 colonos

154 1120 360 1204 ruricolasque
381 1125 471 1187 boves
493 1125 551 1187 leto
574 1125 653 1185 dedit
674 1141 799 1204 arvaque
821 1123 908 1186 iussit

154 1206 256 1269 lallare
278 1209 445 1290 depositum
466 1210 625 1288 vitiataque
646 1208 758 1271 semina
779 1208 858 1271 feeit

155 1292 290 1355 fertilitas
311 1303 407 1357 terrae
428 1295 518 1356 latum
540 1293 654 1373 vulgata
677 1313 731 1375 per
752 1294 855 1356 orbem

155 1377 227 1440 falsa
249 1379 341 1442 iacet:
364 1378 469 1461 primis
491 1390 605 1458 segetes
625 1379 793 1440 moriuntur
814 1379 846 1441 in
868 1378 976 1454 herbis,

157 1473 187 1524 et
207 1464 295 1525 modo
317 1463 362 1525 sol
385 1463 504 1537 nimius,
526 1465 636 1526 nimius
657 1465 745 1525 modo
768 1463 893 1544 corripit
914 1464 1025 1542 imber;

154 1548 308 1628 sideraque
329 1548 469 1629 ventique
491 1561 609 1623 nocent,
631 1549 789 1630 aridaeque
811 1548 947 1612 volucres

154 1633 267 1694 semina
290 1633 364 1695 iacta
385 1632 504 1713 legunt;
527 1635 630 1696 lolium
652 1633 814 1714 tribulique
836 1633 958 1714 fatigant

153 1717 283 1778 triticeas
305 1736 417 1780 messes
439 1730 468 1781 et
489 1719 717 1800 inexpugnabile
737 1737 870 1799 gramen.

153 1813 217 1864 tum
239 1811 328 1883 caput
349 1803 431 1865 Eleis
452 1803 589 1885 Alpbetas
612 1804 713 1866 extulit
734 1804 823 1866 undis

152 1895 348 1968 rorantesque
370 1907 470 1951 comas
490 1908 507 1951 a
529 1890 626 1951 fronte
648 1889 771 1952 removit
790 1889 827 1951 ad
848 1908 935 1954 aures

153 1980 242 2052 atque
263 1971 304 2034 ait
327 1991 364 2049 „o
387 1982 450 2035 toto
473 1976 620 2056 quaesitae
642 1975 763 2055 virginis
785 1975 857 2037 orbe

154 2066 182 2117 et
204 2057 324 2136 frugum
346 2060 490 2137 genetrix,
512 2061 663 2122 inmensos
683 2061 755 2122 siste
776 2060 902 2135 labores,

154 2160 228 2203 nere
250 2142 306 2228 tibi
325 2143 400 2205 fidae
421 2143 547 2207 violenta
570 2146 694 2207 irascere
716 2154 820 2207 terrae.

153 2239 233 2288 terra
255 2227 329 2290 nibil
352 2229 460 2292 meruit
482 2230 634 2311 patuitque
656 2229 746 2293 insita
767 2230 899 2311 rapinae.

153 2331 210 2374 nec
232 2330 299 2374 sum
321 2331 377 2393 pro
399 2314 492 2395 patria
515 2316 656 2397 supplex:
679 2316 738 2377 buc
760 2316 877 2396 bosplta
898 2315 976 2390 reni,

152 2396 220 2459 Pisa
243 2398 316 2459 mibi
339 2397 431 2479 patria
454 2410 497 2462 est
519 2411 548 2462 et
568 2401 605 2462 ab
627 2401 711 2462 Elide
732 2400 869 2462 ducimus
891 2409 989 2476 ortus;

154 2481 303 2545 Sicaniam
325 2483 482 2564 peregrina
504 2485 580 2560 colo,
602 2487 654 2547 sed
676 2485 786 2563 gratior
809 2483 890 2546 omni

153 2568 227 2629 haee
248 2568 321 2629 mibi
344 2579 421 2630 terra
443 2569 508 2631 solo
530 2578 590 2632 est:
613 2571 668 2631 hos
691 2589 772 2632 nune
793 2570 938 2632 Arethusa
961 2579 1093 2652 penates,

153 2653 231 2714 banc
252 2652 346 2715 babeo
368 2654 485 2715 sedem:
508 2673 595 2735 quam
618 2665 661 2729 tu,
683 2655 847 2730 mitissima,
867 2674 961 2718 serra.

153 2747 232 2799 mota
254 2737 321 2799 loco
343 2740 474 2800 cursim
495 2741 627 2820 tantique
649 2760 702 2821 per
723 2740 862 2821 aequoris
882 2742 978 2804 undas

153 2823 280 2884 advehar
302 2822 464 2905 Ortygiam,
487 2825 583 2886 veniet
605 2825 770 2888 narratibus
791 2827 863 2887 bora

152 2908 325 2989 tempestiva
347 2909 430 2983 meis,
453 2929 521 2973 cum
544 2921 574 2973 tu
597 2929 725 2991 curaque
746 2910 839 2973 levata

153 3002 182 3054 et
203 2992 303 3054 vultus
324 2994 455 3056 melioris
478 2997 544 3058 eris.
588 2996 659 3058 mibi
682 2996 780 3076 pervia
803 2995 891 3058 tellus

152 3075 275 3158 praebet
296 3079 364 3153 iter,
387 3079 548 3162 subterque
569 3081 643 3142 imas
663 3081 759 3143 ablata
781 3100 920 3144 cavernas

152 3164 202 3226 bio
225 3173 314 3245 caput
334 3164 436 3226 attollo
459 3166 636 3247 desuetaque
657 3167 752 3229 sidera
773 3185 875 3229 cerno,

221 3320 270 3370 471
291 3312 403 3396 tnqqst
453 3321 502 3370 aaa
521 3315 704 3386 anmargv
765 3322 814 3373 aas
833 3316 901 3372 net
958 3322 1008 3373 aas
1027 3322 1111 3372 acute
1130 3300 1232 3376 coronis

154 3452 179 3503 M
226 3455 276 3506 480
295 3390 500 3520 leglbealegi'll
518 3454 556 3504 M'
597 3386 778 3508 ‘¹5²1‘ququ
824 3452 947 3521 sparsal
998 3458 1048 3508 483
1066 3458 1105 3509 sol
1125 3458 1230 3510 nimium

154 3522 242 3574 nocuit
259 3521 337 3573 modo
356 3519 371 3573 λ
427 3522 530 3602 corripit
548 3540 583 3574 ea
600 3524 694 3576 corruit
712 3520 744 3574 λ’
813 3526 864 3578 ost
882 3523 1018 3591 sideraque
1034 3523 1061 3575 M
1079 3530 1141 3593 (que
1159 3529 1178 3577 t.
1197 3531 1231 3590 r.)

153 3655 235 3708 sidera
255 3657 329 3715 onie
392 3605 501 3721 (gbllse)
569 3661 618 3711 495
638 3629 782 3726 intubique
800 3658 826 3710 M
895 3663 945 3713 487
970 3675 1027 3712 eum
1045 3689 1080 3698 -
1097 3658 1232 3728 alpbeisl

153 3724 269 3812 alpheiss
286 3724 312 3776 M
372 3729 422 3780 489
441 3727 466 3778 in
485 3724 574 3779 totol
624 3731 675 3807 494
692 3734 718 3779 et
736 3724 817 3780 caat
868 3730 918 3781 499
936 3728 1107 3810 000000,οο
1124 3730 1232 3800 antiqllll

153 3791 179 3843 M
260 3795 311 3847 499
329 3793 481 3847 adseborA
549 3793 752 3860 nanapuoustt
822 3799 873 3849 000
892 3796 1097 3864 tempestyslppra
1114 3796 1140 3848 M
1203 3808 1231 3853 tu

153 3861 216 3912 add.
234 3856 267 3910 λ’
337 3865 385 3916 002
404 3863 469 3915 imas
487 3863 592 3914 addidit
609 3810 651 3915 M'
702 3864 778 3917 allata
795 3883 808 3914 ε
