2692 4230
140 128 272 166 sanctssus
579 111 617 177 lli,
634 112 777 165 stt-rso.

137 283 187 345 hic
207 285 317 348 totiens
338 286 373 347 ad
397 302 444 344 me
466 281 609 362 resupino
632 282 734 345 nititur
757 302 817 344 ore.

138 387 225 451 posse
248 383 335 451 putes
359 368 453 444 tangi:
478 367 633 431 minimum
655 380 709 441 est,
731 370 810 449 quod
833 366 1002 430 amantibus
1017 366 1122 429 obstat.

137 457 271 537 quisquis
294 473 335 525 es,
362 453 420 512 buc
443 451 504 511 exii
528 455 597 533 qnid
622 472 678 523 me.
701 472 775 533 puer
797 455 894 521 unice,
919 452 1004 525 iadis,

136 559 231 621 quove
254 540 363 619 petitus
383 532 469 596 abis?
490 549 572 600 certe
595 557 650 600 nec
671 539 762 598 torma
787 557 842 599 nec
863 550 943 600 aetas

137 635 182 687 est
203 643 266 685 mea
291 638 377 701 quam
402 620 505 700 fugias,
527 635 557 685 et
579 630 713 684 amarunt
735 640 781 682 me
805 642 925 703 qumque
948 624 1104 705 nymphae.

136 727 218 791 spem
243 706 313 767 mihi
340 705 439 767 nescio
462 725 550 786 quam
572 707 654 768 vultu
677 707 823 785 promittis
846 708 951 774 amico.

137 810 264 871 cumque
287 808 343 868 ego
369 795 482 870 porrexi
507 793 558 853 tibi
583 791 728 863 bracchia,
750 791 877 871 porrigis
900 793 994 852 uitro:

135 895 203 939 cum
227 875 290 947 risi,
312 876 447 951 adrides;
472 878 606 938 lacrimas
628 892 746 955 quoque
768 894 856 956 saepe
880 877 975 937 notari

136 980 183 1022 me
205 960 376 1023 lacrimante
398 970 472 1032 tuas,
496 973 569 1022 nutu
593 977 710 1040 quoque
732 961 815 1039 signa
839 961 965 1022 remittis

135 1057 174 1117 et,
196 1055 340 1125 quantum
363 1057 445 1108 motu
468 1045 589 1107 formosi
611 1045 746 1125 suspicor
767 1046 837 1114 oris.

135 1130 221 1191 verba
245 1131 337 1192 reiers
358 1150 443 1193 aures
465 1148 524 1191 noo
550 1129 746 1210 pervenientia
772 1140 895 1190 nostras.

136 1215 190 1276 iste
212 1234 267 1295 ego
290 1235 371 1278 sumt
394 1215 472 1276 sensi
497 1232 552 1275 noc
575 1234 621 1276 me
645 1234 706 1276 mea
730 1214 803 1276 tatttt
826 1215 933 1292 imago.
957 1257 961 1263 -

136 1318 206 1362 uror
226 1319 326 1362 amore
348 1301 415 1371 mei,
440 1301 569 1361 dammas
591 1319 693 1362 moveo
715 1319 754 1361 no
775 1301 907 1378 feroque.

135 1386 205 1466 quid
228 1382 355 1447 faciam?
376 1401 473 1462 roger,
495 1404 573 1445 anne
595 1319 717 1463 rogemd
740 1385 809 1464 quid
832 1385 939 1445 deinde
962 1383 1096 1464 rogabo?
1198 1398 1208 1410 ·

135 1471 213 1551 quod
236 1471 325 1548 cupio
349 1487 463 1529 mecum
487 1481 547 1530 cst:
571 1471 690 1550 inopem
712 1487 760 1529 me
781 1470 865 1549 copia
890 1469 969 1530 iecit.

135 1574 153 1616 o
176 1556 287 1618 utinam
310 1572 326 1613 a
351 1565 451 1615 nostro
474 1557 613 1615 secedere
635 1572 761 1634 corpore
783 1554 916 1634 possenti

134 1651 234 1701 rutum
257 1639 288 1700 in
311 1649 425 1700 amante
448 1657 567 1706 novum,
590 1638 691 1699 vellem
714 1639 792 1719 quod
816 1657 959 1711 amamus,
981 1639 1111 1701 abesset!

135 1727 251 1804 iamque
272 1723 357 1784 dolor
379 1725 455 1785 vires
477 1725 587 1796 attinnt,
612 1743 666 1784 nec
687 1735 818 1804 tempora
841 1725 915 1785 vitae
1014 1750 1018 1757 ·

133 1808 219 1886 longa
242 1826 325 1869 meae
345 1818 496 1887 superant,
519 1809 674 1889 primoque
695 1809 865 1888 exstinguor
889 1809 919 1869 in
942 1828 1023 1871 aevo.
1098 1835 1102 1845 ·
1182 1823 1196 1835 ·

138 1912 192 1954 uec
214 1893 285 1954 mihi
308 1912 389 1954 mors
410 1895 507 1971 gravis
528 1906 583 1960 est.
605 1895 737 1974 posituro
761 1904 856 1955 morte
878 1894 1012 1956 dolores:

133 1979 191 2050 hic,
215 1979 265 2058 qui
288 1977 428 2057 diligitur,
452 1978 553 2039 reilem
577 1978 744 2040 diuturnior
765 1992 852 2040 esset.

134 2081 213 2125 nunc
234 2064 294 2124 duo
317 2064 479 2125 concordes
500 2066 597 2124 anima
620 2064 779 2125 moriemur
800 2065 830 2124 in
856 2059 933 2124 uua!

132 2148 203 2210 dixit
224 2156 253 2208 et
274 2149 309 2209 ad
333 2148 436 2209 faciem
458 2150 544 2209 rediit
565 2149 641 2209 male
662 2167 751 2209 sanus
773 2148 895 2210 eandem

132 2243 162 2295 et
183 2232 311 2294 lacrimis
332 2233 457 2295 turbavit
478 2253 579 2313 aquas,
601 2233 784 2313 obscuraque
806 2244 887 2295 moto

133 2317 243 2380 reddita
267 2318 360 2379 forma
382 2318 446 2380 lacu
470 2330 524 2380 est.
568 2338 656 2399 quam
678 2337 745 2380 cum
768 2318 886 2380 vidisset
907 2317 999 2389 abire,

128 2396 202 2483 ‘quo
226 2400 360 2482 refugis?
382 2422 511 2474 remane,
535 2423 591 2464 nec
613 2423 669 2477 me,
691 2403 829 2477 crudelis,
850 2417 997 2464 amantem

132 2483 259 2549 deserei’
284 2487 431 2550 clamavit:
452 2481 561 2561 ‘liceat‚
584 2491 662 2569 quod
685 2499 806 2568 tangere
827 2506 888 2549 non
913 2501 967 2561 est,

132 2572 283 2653 adspicere
305 2584 335 2634 et
358 2574 464 2634 misero
488 2576 627 2654 praebere
650 2574 785 2636 alimenta
809 2568 921 2634 furori?

130 2659 261 2738 dumque
281 2658 369 2733 dolet,
392 2678 505 2720 summa
528 2671 637 2720 vestem
658 2657 778 2720 deduxit
797 2657 834 2719 ab
857 2677 908 2718 ora

133 2744 268 2823 nudaque
290 2746 463 2805 marmoreis
486 2745 631 2823 percussit
653 2754 771 2824 pectora
794 2742 907 2824 palmis.

133 2838 250 2909 pectora
274 2838 426 2890 traxerunt
447 2847 566 2890 roseum
589 2847 727 2909 percussa
749 2828 900 2899 ruborem,

131 2932 191 2975 non
214 2913 298 2974 aliter
320 2932 407 2993 quam
431 2932 517 2994 poma
533 2914 637 2987 solent,
660 2932 734 2994 quae
756 2913 878 2974 candida
904 2923 996 2993 parte,

132 3009 213 3078 parte
237 2997 357 3072 rubent,
379 3010 428 3059 aut
452 3011 483 3060 ut
505 3001 591 3060 variis
611 2998 686 3060 sciet
709 3018 763 3060 ura
785 2998 909 3060 racemis

129 3085 236 3145 ducere
259 3103 442 3163 purpureum
467 3087 597 3145 nonatum
621 3092 731 3144 matura
754 3083 894 3144 colorem.

130 3188 203 3248 (puae
226 3169 313 3228 simul
335 3169 465 3248 adspexit
489 3171 643 3248 liquefacta
666 3187 766 3228 rursus
790 3170 819 3229 in
845 3170 933 3239 unda,

130 3272 188 3314 uon
213 3253 280 3314 tulit
303 3253 436 3325 ulterius,
459 3255 508 3314 sed
532 3264 566 3314 ut
589 3254 770 3313 intabescere
793 3255 881 3313 darae

129 3338 196 3416 igue
219 3338 274 3399 levi
298 3356 382 3399 cerae
404 3339 624 3417 matutinaeque
647 3338 769 3418 pruinae

128 3423 190 3485 sole
211 3433 333 3504 tepente
354 3423 461 3494 solent,
484 3424 526 3485 sic
549 3432 714 3485 attenuatus
737 3441 837 3483 amore

196 3561 246 3611 455
271 3573 317 3609 nec
342 3553 444 3609 certe).
511 3559 561 3608 456
590 3555 704 3622 quemR
774 3559 823 3608 459
849 3570 953 3622 quoque
978 3559 1003 3617 (o
1029 3571 1063 3604 aar
1081 3557 1162 3616 ocra-,t
1180 3551 1204 3602 ii

128 3626 213 3694 saepe]
237 3628 293 3694 ipse
320 3622 335 3676 λ
398 3628 446 3678 461
474 3624 576 3689 ιιιοιυῂ]
600 3624 620 3674 tt
688 3626 738 3677 462
766 3628 866 3675 nostras
894 3639 944 3674 non
974 3622 1147 3689 pervenientia
1173 3621 1204 3672 ad

129 3710 233 3747 aurose
303 3697 352 3747 463
372 3694 424 3745 inte
443 3689 525 3759 egoi.
596 3695 644 3744 tut
664 3708 677 3743 a
696 3709 777 3744 onae
841 3693 890 3744 468
910 3698 999 3743 sotum
1018 3686 1092 3742 esti
1154 3693 1205 3741 4ῖο

128 3761 275 3833 extingiuor
299 3760 323 3812 tt
393 3766 443 3814 stt
467 3762 498 3812 ad
523 3761 635 3828 speciem
659 3762 726 3813 coni.
750 3759 853 3810 Mer-lte!
915 3762 965 3813 480
991 3773 1091 3810 summo
1114 3787 1147 3795 —
1172 3759 1204 3807 ab

129 3831 213 3882 oreC
266 3846 364 3882 summa
388 3832 420 3880 ab
445 3845 487 3881 ore
512 3828 566 3894 Be,
592 3833 711 3880 cor-reoeit
733 3829 890 3892 u‘augertus
959 3830 1009 3880 482
1032 3825 1115 3877 rr'cR
1169 3832 1205 3876 te-

129 3914 236 3954 noemc
300 3901 350 3951 487
370 3899 406 3949 uti
425 3894 598 3950 flavescerei
663 3900 712 3951 489
731 3894 885 3967 &perdididit
900 3898 944 3960 tin
959 3911 1052 3960 marg.
1069 3911 1087 3944 u
1102 3909 1214 3944 anses.
