2692 4230
147 178 266 218 cresces.
296 180 351 219 acrs
572 162 634 229 XIII,
653 165 794 218 stt-eto.
1153 159 1215 225 303

146 336 230 412 adde,
253 339 332 418 quod
355 338 386 399 in
408 344 505 396 vestro
528 335 646 414 genitor
667 354 750 398 meus
771 352 898 417 aequore
919 342 1037 412 regnat:

145 423 228 485 hunc
249 424 302 484 tibi
323 424 362 484 do
385 436 532 481 socerum.
576 431 689 483 tantum
712 423 850 484 miserere
872 437 1032 502 precesque
1172 430 1216 481 855

145 507 289 590 supplicis
311 504 430 568 eraudi:
454 504 508 566 tibi
531 507 609 568 enim
633 506 852 578 succumbimus
870 506 933 569 nni.

146 594 257 674 quique
279 592 376 653 lovem
400 597 429 650 et
450 589 562 653 caelum
586 608 695 672 sperno
718 601 748 653 et
768 590 947 672 penetrabile
970 586 1089 663 inimen,

144 677 244 750 Nerei,
268 685 295 736 te
316 692 436 735 vereor:
459 685 508 738 tua
531 676 654 737 inimice
675 676 788 736 saevior
808 677 850 738 ira
873 686 926 737 est.

144 771 233 843 atque
256 777 310 839 ego
334 768 522 842 contemptus
544 779 638 821 essem
661 760 818 838 patientior
838 760 936 830 huius,

143 846 169 908 si
192 847 310 922 ingeres
333 861 446 906 omnes.
490 846 540 907 sed
565 863 618 906 cnr
641 841 767 923 Gpolope
788 843 906 923 repulso

143 930 218 992 Acin
240 946 321 990 amas
342 932 532 1010 praefersque
554 929 627 988 meis
647 924 840 1007 conplexibus
861 926 957 988 Acin‘l

142 1015 192 1076 ille
215 1021 311 1075 tamen
335 1014 507 1096 placeatque
529 1013 584 1074 sibi
608 1010 778 1092 placeatque
800 1011 908 1086 libebit,

142 1098 221 1180 quod
245 1099 366 1173 nollem,
390 1099 517 1173 Galatea,
540 1097 609 1173 tibi;
633 1097 720 1158 modo
743 1097 826 1179 copia
847 1097 942 1169 detur,

142 1184 251 1246 sentiet
272 1203 336 1247 esse
359 1184 431 1245 mibi
453 1191 534 1245 tanto
558 1202 612 1264 pro
635 1201 759 1266 corpore
781 1183 871 1245 vlresl

141 1268 252 1331 viscera
274 1270 336 1330 riva
359 1270 471 1330 traham
493 1268 665 1349 divulsaque
687 1266 815 1330 membra
838 1285 890 1349 per
911 1286 997 1346 agros

141 1372 255 1435 perque
276 1364 343 1415 tuas
364 1370 499 1434 spargam
522 1354 577 1429 (sic
599 1371 632 1413 se
652 1352 705 1413 tibi
727 1352 846 1413 misceat
854 1353 873 1427 l)
896 1355 998 1416 undas.

139 1456 213 1500 uror
235 1439 323 1512 enim,
346 1439 503 1516 laesusque
526 1445 674 1497 exaestuat
694 1435 792 1496 acrius
812 1436 899 1513 ignis,

140 1541 269 1604 cumque
290 1523 352 1584 suis
373 1522 475 1582 videor
496 1520 665 1582 translatam
687 1520 797 1582 vlribus
818 1521 940 1581 Aetnam

138 1618 263 1688 pectore
285 1608 362 1668 ierre
384 1625 461 1667 meo.
506 1624 562 1667 nec
584 1615 626 1679 tn,
649 1604 774 1680 Galatea,
796 1605 951 1666 moveris.“

138 1692 207 1755 talia
231 1692 410 1772 nequiquam
434 1701 565 1771 questus,
589 1709 656 1752 nam
679 1700 783 1753 cuncta
804 1689 946 1764 videbam,

138 1777 235 1856 surgit
256 1787 294 1850 et,
317 1783 351 1837 ut
371 1785 475 1837 murus
497 1794 582 1838 vacca
605 1775 782 1837 furibundus
803 1777 946 1856 adempta,

138 1870 216 1923 stare
238 1860 344 1942 nequit
364 1860 496 1942 silvaque
518 1870 548 1922 et
569 1861 647 1922 notis
668 1859 790 1922 saltibus
811 1870 899 1934 errat,

138 1963 206 2007 cum
229 1947 310 2008 lorus
331 1946 451 2025 ignaros
475 1945 708 2025 necquicquam
730 1944 787 2006 tale
807 1945 943 2007 umentes

137 2048 186 2091 me
207 2031 286 2092 videt
305 2039 397 2110 atque
419 2031 494 2091 Acin
518 2029 641 2104 „video“
665 2047 722 2109 que
744 2028 885 2090 exclamat
905 2040 954 2105 ,et
976 2030 1031 2092 ista

137 2114 239 2176 ultIma
262 2115 311 2187 sit,
334 2115 448 2188 inciam,
472 2113 595 2174 Veneris
616 2114 771 2174 concordia
794 2118 933 2175 vestrae.“

137 2208 277 2279 tantaque
299 2217 363 2272 vox,
386 2207 525 2279 quantam
548 2197 674 2279 Cyclops
696 2198 785 2260 iratus
807 2197 915 2259 babere

136 2283 248 2358 debuit,
270 2283 318 2344 illa
341 2283 414 2344 tuit:
438 2282 566 2344 clamore
588 2284 756 2364 perhorruit
777 2285 879 2344 Aetna.

138 2376 182 2430 ast
204 2386 259 2447 ego
280 2368 378 2429 ricino
402 2369 550 2449 pavefacta
573 2369 629 2429 sub
651 2387 779 2448 aequore
800 2385 927 2445 mergor,

136 2462 219 2530 terga
242 2453 328 2532 iugae
350 2452 469 2514 dederat
490 2471 631 2514 conversa
654 2453 837 2532 Symaethius
859 2454 956 2514 heros.

139 2537 242 2612 „adier
264 2555 362 2617 opem,
386 2537 514 2610 Galatea,
537 2555 655 2617 precor,
677 2537 763 2598 mihil
786 2539 869 2611 ierte,
892 2541 1058 2618 parentes“,

134 2622 249 2682 dixerat
272 2631 322 2697 „et
342 2622 447 2683 vestris
469 2622 635 2703 periturum
656 2622 799 2684 admittite
821 2623 957 2700 regnisl“

136 2706 302 2786 insequitur
324 2705 451 2786 Cyclops
473 2719 647 2788 partemque
669 2726 685 2768 e
707 2720 807 2768 monte
828 2706 972 2769 revulsam

134 2791 240 2865 mittit;
265 2802 294 2852 et
315 2802 462 2852 extremus
485 2793 617 2871 quamvis
640 2792 827 2873 pervenitad
851 2792 933 2854 illum

135 2874 264 2953 angulus
286 2894 303 2936 e
325 2894 404 2950 saxo,
428 2886 521 2938 totum
546 2891 643 2939 tamen
669 2877 767 2938 obruit
789 2876 872 2938 Acin.

134 2971 162 3022 at
186 2979 253 3034 nos,
276 2961 354 3041 quod
378 2962 442 3022 lieri
465 2961 561 3022 solnm
585 2963 716 3042 perlata
740 2961 852 3035 licebat,

133 3045 269 3119 fecimus,
292 3054 325 3107 nt
346 3045 424 3107 vires
445 3048 610 3109 adsumeret
635 3046 702 3107 Acis
723 3048 821 3108 avius.

201 3264 251 3314 854
270 3268 357 3314 nostro
376 3281 389 3314 a
445 3269 530 3314 'meus
550 3281 598 3314 one.
619 3264 635 3314 b
705 3267 753 3316 855
773 3280 839 3316 nnnc
859 3265 903 3315 tibi
922 3263 947 3315 Μ
1017 3267 1063 3317 tibi
1084 3266 1160 3330 quire
1179 3262 1202 3313 Μ

133 3345 227 3448 speruo
245 3336 271 3382 el
290 3330 388 3417 caelum
407 3331 424 3381 ln
483 3335 543 3413 ,858
563 3347 670 3384 veneror
687 3329 742 3411 Μ’
782 3335 829 3386 858
850 3340 874 3384 te
892 3347 974 3411 essem
993 3329 1017 3381 Μ
1085 3336 1204 3415 881818-

131 3399 282 3465 pembuss
340 3401 389 3451 Sb3
407 3399 505 3469 nollent
524 3399 548 3451 Μ
610 3403 659 3452 sot
678 3401 805 3452 sentiath
858 3402 923 3464 esse]
943 3415 998 3466 ipse
1015 3399 1040 3451 Μ
1100 3402 1146 3452 Stia
1166 3399 1204 3450 di·

130 3515 280 3584 visaquebl
341 3519 392 3570 866
411 3517 457 3584 sie]
477 3520 531 3574 sie
593 3522 640 3572 867
660 3483 744 3601 agrius
762 3517 787 3569 Μ
839 3518 950 3570 acriore
1006 3521 1054 3572 868
1072 3518 1159 3571 uidear
1177 3517 1200 3569 bl

131 3620 181 3671 ott
198 3619 359 3670 montibusa
411 3623 460 3673 8ῖὸ
480 3621 599 3672 timentes
617 3620 634 3680 ti
648 3640 683 3672 ea
695 3628 721 3684 u)
738 3620 762 3672 Μ
816 3622 864 3673 Sia
880 3621 980 3683 faciam]
995 3621 1060 3673 iacta
1075 3619 1098 3672 Μ
1152 3625 1200 3676 sii

130 3687 244 3747 etbnaia
263 3690 281 3737 i.
298 3690 332 3750 r.)
350 3685 374 3737 bl
427 3689 504 3739 etbua
524 3689 539 3738 b
598 3690 704 3741 ethnos
761 3691 809 3742 579
828 3689 946 3741 dederam
964 3687 988 3739 Μ
1047 3691 1201 3742 semetinsh

131 3756 180 3807 880
197 3753 267 3806 allier
284 3755 317 3816 (A
335 3758 353 3806 i.
371 3762 403 3814 r.)
422 3755 446 3806 Μ
517 3759 566 3808 ist
586 3773 599 3807 e
624 3762 696 3821 saxo]
719 3759 740 3807 is
762 3764 847 3809 motus
870 3767 910 3812 tus
927 3761 945 3808 i.
963 3763 996 3818 ν.)
1015 3755 1039 3808 Μ
1062 3763 1103 3817 (ea
1124 3761 1201 3808 lectio

129 3826 190 3872 ortu
208 3839 222 3871 e
239 3825 329 3885 reato)
399 3824 532 3876 ismenus
551 3824 652 3877 ,llerle¹
673 3827 696 3878 is
718 3825 792 3876 molis
811 3825 911 3876 ilerd.²
980 3825 1020 3876 bie
1042 3827 1108 3877 iactu
1127 3825 1201 3878 litere

130 3891 179 3942 885
198 3890 283 3942 solnm
300 3889 356 3942 fieri
375 3892 463 3943 Heius.
516 3894 566 3945 886
585 3893 676 3958 auitas}
696 3895 789 3945 inultas
807 3893 830 3945 Μ
