2692 4230
130 173 219 210 uronis
566 160 608 225 lX,
625 160 768 214 409-040.

133 352 222 413 quom
244 333 335 396 nolim
358 344 421 395 rata
444 333 497 393 sitl
517 350 573 393 our
594 332 667 395 haec
688 350 743 412 ego
766 332 879 395 somnia
901 330 984 394 vidi?

133 418 183 481 ille
205 419 323 500 quidem
347 429 391 480 est
412 417 507 478 oculis
529 418 661 499 quamvis
681 419 829 482 lormosus
850 417 962 499 iniquis

133 515 163 567 et
184 504 291 585 placet,
313 513 343 564 et
364 502 486 582 possim,
509 503 534 564 si
557 522 618 567 non
641 504 679 565 sit
700 504 798 583 frater,
821 523 929 579 entare,

133 598 163 651 et
184 606 232 650 me
254 589 361 666 dignus
383 595 453 648 erat.
499 607 598 651 verum
621 596 709 650 nocet
730 607 795 651 esse
816 607 959 651 sororem.

134 673 293 735 dummodo
318 670 373 731 tale
395 672 469 734 nibil
489 672 614 753 vigilans
636 672 820 735 committere
841 684 994 756 temptem,
1163 684 1208 736 400

133 776 223 838 saepe
244 755 314 816 licet
335 754 422 817 simili
445 760 545 821 redeat
566 756 622 818 sub
644 757 772 834 imagine
794 776 926 821 somnus.

133 842 219 903 testis
240 839 322 900 ahest
344 859 461 916 somno,
484 861 539 904 nec
561 841 644 902 abest
666 840 777 902 imitata
799 842 943 922 voluptas.

133 943 188 1007 pro
211 922 310 985 Venus
333 937 363 987 et
383 936 484 990 tenera
506 925 626 987 volucer
648 942 715 986 cum
739 938 831 988 matre
853 925 977 1007 Cupido,

135 1008 239 1087 gaudia
263 1021 372 1088 quauta
394 1012 464 1072 tulii
487 1028 575 1091 quam
597 1028 645 1070 me
667 1011 820 1073 manifesta
842 1010 932 1073 libido

134 1091 277 1172 contigit!
301 1107 334 1157 ut
354 1097 430 1157 iacui
452 1098 522 1157 totis
543 1097 672 1157 resoluta
694 1095 846 1158 medullis!

133 1186 168 1238 ut
188 1181 360 1242 meminisse
381 1181 476 1242 iuvatl
499 1182 631 1261 quamvis
652 1180 749 1242 brevis
769 1179 818 1241 illa
839 1180 974 1261 voluptas

135 1280 255 1344 noxque
277 1266 332 1327 luit
353 1284 497 1347 praeceps
517 1276 548 1327 et
568 1265 682 1346 coeptis
703 1265 798 1326 invida
821 1265 940 1327 nostris.

136 1367 153 1409 o
176 1367 241 1428 ego,
265 1348 289 1411 si
312 1350 398 1411 liceat
419 1358 531 1412 mutato
554 1351 675 1412 nomine
696 1349 789 1428 iungi,

135 1433 332 1514 quambene,
355 1435 467 1508 Caune,
489 1441 541 1495 tuo
564 1444 698 1514 poteram
721 1451 814 1494 nurus
837 1452 901 1494 esse
922 1435 1055 1514 parentil

137 1537 225 1599 quam
249 1517 335 1591 bene,
358 1518 470 1593 Cauno,
491 1536 559 1580 meo
581 1529 699 1600 poteras
720 1535 814 1597 gener
834 1536 899 1579 esse
921 1521 1053 1599 parentii
1167 1530 1211 1582 400

135 1604 245 1675 omnia,
267 1603 296 1663 di
319 1604 459 1679 lacerent,
482 1612 580 1665 essent
601 1603 769 1665 communia
791 1603 888 1677 nobis,

134 1697 252 1768 praeter
272 1706 357 1748 avos:
379 1698 411 1751 tu
435 1708 473 1750 ne
493 1687 598 1749 vellem
619 1706 728 1766 genere
749 1706 829 1749 esses
851 1687 970 1751 eodeml

134 1773 236 1833 nescio
259 1791 347 1852 quam
370 1773 460 1834 iacies
482 1773 582 1852 igitur,
605 1773 813 1853 pulcherrime,
836 1784 974 1835 matrem:

135 1868 166 1918 at
185 1856 269 1930 mihi,
292 1876 367 1938 quae
388 1856 466 1919 male
487 1875 553 1918 sum
576 1875 652 1936 quos
675 1868 705 1920 tu
728 1857 831 1920 sortita
852 1868 1001 1939 parentes,

129 1941 180 2004 ¹nil
202 1940 261 2002 nisi
284 1943 373 2003 lrater
396 1941 464 2004 eris.
508 1943 588 2023 quod
611 1943 703 2018 obest,
726 1943 755 2005 id
777 1942 952 2006 habebimus
974 1963 1076 2006 unum.
1167 1955 1210 2006 495

135 2025 207 2108 quid
229 2027 301 2087 mihi
325 2026 493 2106 significant
515 2045 586 2107 ergo
609 2047 673 2089 mea
694 2026 778 2090 visat
799 2061 842 2074 -
864 2031 943 2109 quod
965 2041 1061 2092 eutem

137 2111 251 2173 somnia
274 2113 392 2192 pondus
413 2110 546 2173 habent?
567 2146 610 2158 --
631 2133 668 2174 an
691 2113 800 2174 habent
823 2125 852 2174 et
873 2114 988 2175 somnia
1010 2111 1146 2196 pondus?

135 2197 163 2258 di
188 2196 309 2257 meliusl
331 2230 374 2243 —
396 2197 426 2257 di
449 2214 557 2277 nempe
577 2216 646 2258 suas
667 2197 797 2258 habuere
819 2216 947 2261 sorores.

136 2282 180 2341 sic
204 2280 349 2342 Saturnus
372 2279 466 2362 Opem
490 2282 619 2345 iunctam
641 2282 696 2344 sihi
718 2282 864 2362 sanguine
885 2285 979 2357 duxit,

137 2366 275 2427 Oceanus
297 2366 424 2445 Tethyn,
447 2366 591 2430 lunonem
614 2377 712 2429 rector
734 2368 861 2449 Olympi.
1167 2380 1211 2429 ocu

135 2462 207 2511 suot
228 2452 344 2532 superis
367 2469 419 2512 sua
442 2452 514 2514 iura.
559 2453 628 2532 quid
650 2452 686 2512 ad
709 2452 844 2513 caelestia
866 2452 940 2515 ritus

137 2535 253 2614 exigere
275 2537 422 2597 humanos
443 2537 614 2616 diversaque
637 2537 753 2598 foedera
775 2534 910 2618 tempto?

136 2631 188 2680 aut
209 2633 312 2681 nostro
334 2621 442 2681 uetitus
463 2622 499 2682 de
521 2623 611 2683 corde
632 2622 781 2700 fugabitur
802 2623 900 2695 ardor,
1002 2671 1003 2675 ,

135 2716 188 2766 aut
208 2706 266 2766 hoc
288 2706 313 2766 si
336 2724 464 2784 nequeo,
486 2724 615 2786 peream,
637 2725 755 2787 precor,
776 2717 844 2768 ante
866 2717 992 2787 toroque

135 2800 253 2850 mortua
277 2808 440 2870 conponor,
463 2791 635 2872 positaeque
656 2792 705 2851 det
727 2791 826 2853 oscula
849 2793 947 2853 lrater.
1168 2803 1211 2852 505

139 2884 168 2935 et
190 2886 288 2936 tamen
311 2875 465 2937 arbitrium
488 2876 602 2956 quaerit
624 2895 671 2937 res
693 2877 748 2938 ista
769 2878 905 2938 duorum.

138 2962 218 3038 linge
241 2959 357 3040 placere
380 2961 467 3020 mihi:
490 2961 587 3022 scelus
608 2980 673 3022 esse
695 2961 841 3022 ridebitur
864 2962 916 3023 illi.

138 3055 166 3105 at
190 3063 250 3104 nou
273 3045 412 3105 Aeolidae
434 3044 577 3107 thalamos
598 3046 722 3108 timuere
743 3065 888 3108 sororum.

138 3130 217 3189 unde
240 3131 291 3189 sed
314 3131 369 3189 hos
394 3127 485 3190 novi?
507 3150 560 3192 cur
581 3132 654 3193 haec
677 3132 808 3212 exempla
831 3129 952 3212 paravi?

139 3233 198 3292 quo
222 3211 323 3274 leror?
346 3213 492 3276 obscenae
515 3215 619 3296 procul
641 3217 711 3278 hinc
732 3218 873 3279 discedite
895 3219 1038 3289 flammae,
1169 3226 1213 3277 ctu

138 3320 341 3330 α--.--..

208 3383 257 3433 400
277 3381 371 3431 nollem
384 3378 419 3443 Μ,
436 3366 465 3431 in
476 3397 563 3446 marg.
577 3383 629 3434 noli
642 3383 680 3434 bl*
733 3386 766 3434 sit
778 3385 862 3435 etheo
875 3387 938 3435 clim
951 3401 1001 3436 om.
1014 3388 1041 3434 iu
1054 3384 1078 3436 Μ
1098 3387 1213 3449 aprima

137 3463 221 3498 mortu
239 3449 332 3498 addito
385 3451 436 3500 408
454 3450 550 3516 possim
568 3454 649 3514 (corr.
662 3469 696 3501 er
711 3453 803 3520 possit)
820 3454 853 3503 sit
873 3452 902 3504 lr.
915 3449 1037 3504 amerelli
1089 3455 1138 3504 485
1159 3458 1212 3503 tote

138 3570 163 3629 (a
178 3569 195 3616 i.
208 3568 241 3628 r.)
260 3566 297 3617 Μι
351 3566 463 3619 totisbl'
515 3534 651 3621 escham
695 3573 745 3622 490
762 3574 791 3621 in
803 3569 927 3636 morg.bl
982 3571 1046 3621 hene
1065 3579 1092 3622 tu
1111 3576 1213 3636 poteras

139 3640 228 3684 nostro
247 3649 271 3700 g.
291 3631 306 3683 λ
376 3638 425 3688 492
444 3651 484 3688 me
502 3637 596 3688 vellem
614 3639 762 3702 generosior
780 3654 850 3689 esses
868 3639 889 3688 A
960 3654 992 3690 ue
1009 3638 1102 3689 uellem
1120 3653 1213 3703 genere

138 3717 211 3752 esses
229 3701 318 3753 eodem
338 3708 465 3769 temptavi
532 3708 582 3757 494
605 3708 639 3770 At
664 3710 692 3756 in
715 3711 807 3771 leucu,
830 3707 871 3757 liri
897 3709 924 3757 in
948 3723 1009 3756 error
1029 3705 1076 3756 ,Μ
1130 3706 1170 3757 bei
1199 3701 1214 3755 λ

138 3769 203 3819 altr
248 3771 389 3820 atGruter
440 3775 489 3827 496
508 3773 569 3839 quid
586 3771 706 3826 antemi
754 3777 804 3827 dee
822 3774 857 3826 dii
876 3722 1026 3841 namquef
1064 3777 1114 3824 500
1133 3774 1213 3824 thetin

139 3837 165 3953 Cl
211 3838 343 3958 5005οἓῑυῖ
362 3857 432 3957 porr.
450 3857 484 3890 ex
501 3848 571 3892 ratus
589 3841 613 3892 Μ
673 3846 723 3895 504
745 3845 815 3905 :rutel
834 3843 923 3910 ipsas
983 3845 1032 3893 905
1053 3841 1151 3908 positae
1169 3840 1212 3892 det

140 3919 197 3954 ee
318 3922 332 3956 a
