2692 4230
114 117 179 180 276
459 180 461 185 ,
572 121 728 187 uuum.
843 139 1038 190 ermenmarus.
1067 141 1184 180 scaurus

115 292 234 356 virihus.
277 304 366 378 atque
387 295 461 359 alios
480 291 559 354 rioci
581 291 714 372 potuisse
735 292 889 358 terendum
911 305 970 358 est:
1141 306 1185 358 666

115 379 187 441 mira
209 378 402 460 Periclymeni
423 393 504 438 mors
525 381 580 435 est
623 373 672 436 cui
694 393 783 454 posse
804 380 913 460 figuras

115 481 241 539 sumere,
263 483 336 546 quas
355 461 452 533 vellet,
473 475 636 537 rursusque
657 476 805 538 reponere
825 473 959 548 sumptas

115 547 269 630 Neptunus
290 548 418 618 dederat,
439 541 523 603 Nelei
544 542 699 620 sauguinis
719 553 832 608 auctor.

114 633 165 695 hic
185 631 236 694 ubi
258 630 437 712 nequiquam
458 636 504 687 est
524 626 634 688 formes
655 627 782 689 variatus
802 628 834 689 in
856 649 970 709 omnes,

115 717 238 779 vertitur
258 715 289 776 in
313 712 418 775 faciem
439 709 578 787 volucris,
601 729 677 792 quae
698 711 822 774 fulmine
843 718 940 778 curris

115 802 192 864 ferre
213 798 289 861 solet
309 795 444 877 pedihus,
465 795 564 857 dirum
586 796 753 875 gratissima
774 796 848 876 regi.

113 884 226 946 viribus
246 898 319 943 usus
339 881 400 942 avis
421 880 530 960 pennis
550 890 708 962 rostroque
728 880 861 942 redunco

116 967 298 1046 hamatisque
318 963 371 1026 riri
393 963 553 1026 laniaverat
574 965 726 1046 unguibus
747 982 808 1026 ora.

116 1050 210 1114 tendit
229 1050 260 1110 in
282 1049 360 1110 hanc
381 1048 506 1110 nimium
527 1059 624 1112 certos
646 1049 819 1132 Tirynthius
839 1067 926 1112 arcam

116 1145 204 1215 atque
224 1133 301 1194 inter
322 1131 417 1195 nuhes
438 1132 576 1196 sublimia
596 1136 730 1198 membra
750 1136 894 1196 terentem

116 1218 353 1301 pendentemque
374 1217 451 1292 ierit,
473 1216 557 1280 lateri
579 1238 637 1300 qua
659 1219 793 1299 iungitur
813 1217 868 1280 ala.

118 1320 174 1365 uec
194 1319 282 1381 grave
302 1300 410 1365 vulnus
432 1312 509 1366 eret:
531 1304 583 1366 sed
603 1307 684 1388 rupti
706 1305 829 1367 vulnere
851 1303 933 1366 nervi

117 1387 257 1448 deficiunt
276 1396 449 1469 motumque
470 1397 581 1468 negant
601 1389 738 1471 viresque
758 1388 884 1451 rolandi.

117 1470 224 1534 decidit
244 1472 275 1534 iu
296 1481 415 1549 terram,
438 1490 499 1535 non
522 1473 761 1554 concipientibus
781 1493 868 1537 auras

117 1556 242 1618 infirmis
261 1558 380 1639 pennis,
402 1567 431 1618 et
453 1574 530 1637 queo
549 1556 621 1618 leris
642 1558 777 1620 haeserat
797 1558 871 1634 alae,

118 1641 250 1721 corporis
271 1642 357 1703 adfixi
379 1658 479 1721 pressa
501 1648 548 1700 cst
568 1640 709 1718 gravitate
730 1641 834 1719 sagitte

117 1744 229 1807 perque
250 1724 326 1786 latus
347 1741 495 1786 summum
517 1723 620 1803 iugulo
643 1733 688 1786 est
709 1733 809 1787 exacta
831 1726 962 1788 sinistro.

117 1826 199 1871 nunc
218 1808 318 1871 videor
338 1807 448 1870 debere.
466 1807 510 1870 tui
531 1808 692 1890 praeconia
714 1809 803 1871 rebus

118 1891 263 1968 Herculis,
285 1910 303 1954 o
325 1892 455 1955 Rhodiae
475 1893 582 1955 ductor
602 1893 802 1976 pulcherrime
825 1890 949 1955 classis?

119 1995 175 2039 nec
194 1985 292 2040 tamen
314 1978 447 2050 ulterius,
469 1996 558 2059 quem
580 1978 667 2040 fortia
689 1979 764 2041 lacte
785 1977 900 2040 silendo

118 2061 244 2125 ulciscor
264 2063 380 2125 iratres.
424 2062 516 2124 solide
537 2071 585 2123 est
605 2063 679 2125 mihi
702 2064 795 2143 gratia
816 2056 952 2146 tecum'·

201 2146 281 2208 llaec
302 2156 458 2228 postquam
480 2145 560 2209 dulci
581 2145 702 2208 Neleius
723 2147 815 2210 edidit
836 2166 898 2223 ore,

119 2249 135 2293 a
157 2248 292 2293 sermone
313 2232 394 2293 senis
414 2230 539 2312 repetito
561 2249 687 2294 munere
708 2231 817 2294 Bacchi

119 2333 271 2377 surrexere
292 2315 381 2377 toris:
404 2333 462 2377 nox
485 2325 531 2378 eet
551 2316 617 2377 date
639 2325 737 2379 cetera
759 2333 875 2378 somno.

203 2403 241 2461 dt
260 2399 343 2477 deus,
365 2417 526 2480 aequoreas
548 2400 600 2481 qui
621 2401 746 2482 cuspide
767 2401 1038 2482 compensandus,

119 2483 150 2544 in
171 2484 319 2546 volucrem
342 2503 452 2567 corpus
473 2485 534 2547 nau
556 2484 771 2548 Phaethontide
794 2502 911 2548 versum

119 2577 218 2630 mente
238 2569 318 2630 dolet
339 2570 432 2650 patria
453 2587 631 2651 sacrumque
652 2588 778 2651 perosus
799 2568 944 2632 Achillem

120 2662 234 2715 exercet
254 2671 399 2716 memores
421 2653 489 2734 plus
511 2672 599 2736 quam
621 2655 746 2717 civiliter
767 2655 834 2719 ires.

119 2737 915 2905 lllllt„:uttlltlt‘sultllhll
1145 2826 1190 2880 e

117 2899 148 2966 ‘o
169 2907 241 2969 mihi
262 2908 299 2969 dc
320 2908 418 2970 fratris
438 2907 528 2987 longe
549 2908 716 2986 gratissime
737 2909 823 2981 natis,

121 3106 217 3159 lacuna
234 3107 356 3158 indicata
425 3109 475 3160 553
493 3106 566 3174 nepot
583 3105 609 3159 Μ
662 3110 712 3162 654
731 3107 848 3160 omuish
899 3109 947 3159 55¹1
966 3105 1022 3158 avis
1039 3122 1074 3156 ex
1091 3103 1146 3156 ehis
1162 3101 1188 3154 Μ

120 3176 169 3230 668
187 3173 321 3228 laniaverit
337 3172 363 3226 Μ
426 3177 477 3227 669
495 3173 561 3227 hanc
578 3191 615 3226 ear
630 3173 680 3228 hae
696 3173 737 3227 lt·
788 3175 887 3228 huuce
949 3179 1033 3226 certos
1050 3172 1188 3225 nimiumh

120 3245 167 3298 661
191 3240 325 3309 hdllmpgitur
350 3239 444 3306 (ruore
465 3241 573 3294 uidem·
597 3243 721 3310 iungitur)
742 3241 769 3295 Μ
838 3240 955 3295 subditur
981 3244 1050 3293 coni.
1073 3238 1189 3291 Merkel²

120 3396 170 3450 666
193 3393 334 3447 destituunt
356 3392 374 3446 h
458 3396 509 3448 664
527 3343 760 3497 οοιισρὶαρέοίὶωσ
777 3392 803 3446 Μ
872 3396 922 3449 566
945 3391 1060 3457 infirmis]
1084 3391 1189 3445 interius

120 3516 189 3568 roei.
205 3511 308 3566 Meris.²
358 3527 424 3582 quae
442 3511 546 3565 ilerd.¹
597 3515 688 3582 quad
740 3513 782 3567 ala
798 3512 825 3566 Μ
885 3515 935 3568 668
952 3512 1046 3566 numh
1108 3527 1190 3565 oona

122 3649 172 3702 tuis
187 3647 214 3701 Μ
268 3649 318 3703 666
335 3645 457 3700 lieroules
473 3645 499 3699 Μ
551 3653 666 3702 rectore
723 3652 769 3702 671
790 3646 933 3700 ulcisearh
990 3648 1040 3701 orl
1058 3594 1146 3701 nclclcrve
1162 3645 1189 3700 Μ

120 3719 170 3770 tlt
187 3723 243 3770 toro
259 3713 286 3767 Μ
349 3716 399 3768 tlt
416 3713 566 3782 pethontlda
583 3714 609 3768 Μ
673 3715 833 3786 eyqncidae
891 3705 941 3768 hit
958 3714 1060 3783 iamque
1076 3705 1191 3792 Μῆτι-

120 3780 432 3905 {arelefi-⁸-lquinql'ilqmltdhe¹
450 3783 698 3904 gdqquiatllqauqc.
712 3783 818 3851 gum:
834 3783 933 3851 apollo)
948 3781 975 3835 Μ
1034 3784 1148 3852 cynthya
1175 3801 1190 3835 a
