<?xml version="1.0" encoding="UTF-8"?>
<!DOCTYPE html PUBLIC "-//W3C//DTD XHTML 1.0 Transitional//EN"
    "http://www.w3.org/TR/xhtml1/DTD/xhtml1-transitional.dtd">
<html xmlns="http://www.w3.org/1999/xhtml" xml:lang="en" lang="en">
 <head>
  <title>
</title>
<meta http-equiv="Content-Type" content="text/html;charset=utf-8" />
  <meta name='ocr-system' content='tesseract 3.04.00' />
  <meta name='ocr-capabilities' content='ocr_page ocr_carea ocr_par ocr_line ocrx_word'/>
</head>
<body>
  <div class='ocr_page' id='page_1' title='image "./povidinasonisme00korngoog_0062.png"; bbox 0 0 2692 4230; ppageno 0'>
   <div class='ocr_carea' id='block_1_1' title="bbox 129 114 763 205">
    <p class='ocr_par' dir='ltr' id='par_1_1' title="bbox 129 114 763 205">
     <span class='ocr_line' id='line_1_1' title="bbox 129 114 763 205; baseline -0.006 -34"><span class='ocrx_word' id='word_1_1' title='bbox 129 133 261 205; x_wconf 66' lang='lat' dir='ltr'><strong>centones</strong></span> <span class='ocrx_word' id='word_1_2' title='bbox 574 114 603 176; x_wconf 88' lang='lat' dir='ltr'><strong>ll,</strong></span> <span class='ocrx_word' id='word_1_3' title='bbox 620 115 763 168; x_wconf 76' lang='lat' dir='ltr'><strong>ets-tte.</strong></span> 
     </span>
    </p>
   </div>
   <div class='ocr_carea' id='block_1_2' title="bbox 129 278 1061 3338">
    <p class='ocr_par' dir='ltr' id='par_1_2' title="bbox 129 278 1055 708">
     <span class='ocr_line' id='line_1_2' title="bbox 129 278 1055 368; baseline -0.005 -18"><span class='ocrx_word' id='word_1_4' title='bbox 129 283 292 351; x_wconf 86' lang='lat' dir='ltr'><strong>montibus&#39;</strong></span> <span class='ocrx_word' id='word_1_5' title='bbox 316 286 413 368; x_wconf 87' lang='lat' dir='ltr'><strong>inquit</strong></span> <span class='ocrx_word' id='word_1_6' title='bbox 432 278 558 345; x_wconf 87' lang='lat' dir='ltr'><strong>‘erunt&#39;:</strong></span> <span class='ocrx_word' id='word_1_7' title='bbox 582 295 611 346; x_wconf 96' lang='lat' dir='ltr'><strong>et</strong></span> <span class='ocrx_word' id='word_1_8' title='bbox 632 295 712 348; x_wconf 88' lang='lat' dir='ltr'><strong>erant</strong></span> <span class='ocrx_word' id='word_1_9' title='bbox 736 285 791 349; x_wconf 86' lang='lat' dir='ltr'><strong>sub</strong></span> <span class='ocrx_word' id='word_1_10' title='bbox 813 284 966 347; x_wconf 86' lang='lat' dir='ltr'><strong>montibus</strong></span> <span class='ocrx_word' id='word_1_11' title='bbox 988 285 1055 347; x_wconf 89' lang='lat' dir='ltr'><strong>illis.</strong></span> 
     </span>
     <span class='ocr_line' id='line_1_3' title="bbox 129 362 919 454; baseline -0.009 -17"><span class='ocrx_word' id='word_1_12' title='bbox 129 374 197 437; x_wconf 90' lang='lat' dir='ltr'><strong>risit</strong></span> <span class='ocrx_word' id='word_1_13' title='bbox 218 373 396 436; x_wconf 69' lang='lat' dir='ltr'><strong>Atlantiades</strong></span> <span class='ocrx_word' id='word_1_14' title='bbox 419 377 448 428; x_wconf 93' lang='lat' dir='ltr'><strong>et</strong></span> <span class='ocrx_word' id='word_1_15' title='bbox 466 362 528 430; x_wconf 90' lang='lat' dir='ltr'><strong>‘me</strong></span> <span class='ocrx_word' id='word_1_16' title='bbox 549 371 629 444; x_wconf 87' lang='lat' dir='ltr'><strong>mihi,</strong></span> <span class='ocrx_word' id='word_1_17' title='bbox 653 373 772 453; x_wconf 90' lang='lat' dir='ltr'><strong>perllde,</strong></span> <span class='ocrx_word' id='word_1_18' title='bbox 795 367 919 454; x_wconf 80' lang='lat' dir='ltr'><strong>prodis?</strong></span> 
     </span>
     <span class='ocr_line' id='line_1_4' title="bbox 129 447 956 538; baseline -0.006 -17"><span class='ocrx_word' id='word_1_19' title='bbox 129 479 181 521; x_wconf 92' lang='lat' dir='ltr'><strong>me</strong></span> <span class='ocrx_word' id='word_1_20' title='bbox 202 459 273 520; x_wconf 90' lang='lat' dir='ltr'><strong>mibi</strong></span> <span class='ocrx_word' id='word_1_21' title='bbox 297 447 426 537; x_wconf 85' lang='lat' dir='ltr'><strong>prodisl&#39;</strong></span> <span class='ocrx_word' id='word_1_22' title='bbox 450 454 507 529; x_wconf 87' lang='lat' dir='ltr'><strong>ait;</strong></span> <span class='ocrx_word' id='word_1_23' title='bbox 532 457 705 537; x_wconf 89' lang='lat' dir='ltr'><strong>periuraque</strong></span> <span class='ocrx_word' id='word_1_24' title='bbox 727 468 847 538; x_wconf 81' lang='lat' dir='ltr'><strong>pectora</strong></span> <span class='ocrx_word' id='word_1_25' title='bbox 869 455 956 518; x_wconf 84' lang='lat' dir='ltr'><strong>vertit</strong></span> 
     </span>
     <span class='ocr_line' id='line_1_5' title="bbox 130 539 1003 621; baseline -0.003 -16"><span class='ocrx_word' id='word_1_26' title='bbox 130 545 162 605; x_wconf 91' lang='lat' dir='ltr'><strong>in</strong></span> <span class='ocrx_word' id='word_1_27' title='bbox 186 544 292 605; x_wconf 89' lang='lat' dir='ltr'><strong>durum</strong></span> <span class='ocrx_word' id='word_1_28' title='bbox 314 539 436 610; x_wconf 77' lang='lat' dir='ltr'><strong>silicem,</strong></span> <span class='ocrx_word' id='word_1_29' title='bbox 460 540 510 619; x_wconf 87' lang='lat' dir='ltr'><strong>qui</strong></span> <span class='ocrx_word' id='word_1_30' title='bbox 534 561 613 603; x_wconf 92' lang='lat' dir='ltr'><strong>nunc</strong></span> <span class='ocrx_word' id='word_1_31' title='bbox 635 560 753 621; x_wconf 87' lang='lat' dir='ltr'><strong>quoque</strong></span> <span class='ocrx_word' id='word_1_32' title='bbox 774 543 883 605; x_wconf 89' lang='lat' dir='ltr'><strong>dicitur</strong></span> <span class='ocrx_word' id='word_1_33' title='bbox 904 542 1003 616; x_wconf 83' lang='lat' dir='ltr'>index,</span> 
     </span>
     <span class='ocr_line' id='line_1_6' title="bbox 130 622 855 708; baseline -0.003 -18"><span class='ocrx_word' id='word_1_34' title='bbox 130 629 224 708; x_wconf 89' lang='lat' dir='ltr'><strong>inque</strong></span> <span class='ocrx_word' id='word_1_35' title='bbox 247 622 319 687; x_wconf 87' lang='lat' dir='ltr'>nihil</span> <span class='ocrx_word' id='word_1_36' title='bbox 341 623 447 684; x_wconf 89' lang='lat' dir='ltr'><strong>merito</strong></span> <span class='ocrx_word' id='word_1_37' title='bbox 468 636 550 688; x_wconf 86' lang='lat' dir='ltr'><strong>retus</strong></span> <span class='ocrx_word' id='word_1_38' title='bbox 571 636 616 687; x_wconf 91' lang='lat' dir='ltr'><strong>est</strong></span> <span class='ocrx_word' id='word_1_39' title='bbox 637 625 754 685; x_wconf 80' lang='lat' dir='ltr'><strong>infamia</strong></span> <span class='ocrx_word' id='word_1_40' title='bbox 776 644 855 687; x_wconf 82' lang='lat' dir='ltr'><strong>saxo.</strong></span> 
     </span>
    </p>

    <p class='ocr_par' dir='ltr' id='par_1_3' title="bbox 129 707 1061 3338">
     <span class='ocr_line' id='line_1_7' title="bbox 218 707 928 792; baseline 0.003 -22"><span class='ocrx_word' id='word_1_41' title='bbox 218 708 295 770; x_wconf 83' lang='lat' dir='ltr'><strong>ilinc</strong></span> <span class='ocrx_word' id='word_1_42' title='bbox 317 725 349 769; x_wconf 88' lang='lat' dir='ltr'><strong>se</strong></span> <span class='ocrx_word' id='word_1_43' title='bbox 371 709 528 773; x_wconf 78' lang='lat' dir='ltr'><strong>sustulerat</strong></span> <span class='ocrx_word' id='word_1_44' title='bbox 550 707 669 792; x_wconf 89' lang='lat' dir='ltr'><strong>paribus</strong></span> <span class='ocrx_word' id='word_1_45' title='bbox 690 708 844 772; x_wconf 74' lang='lat' dir='ltr'><strong>Caducifer</strong></span> <span class='ocrx_word' id='word_1_46' title='bbox 865 711 928 784; x_wconf 90' lang='lat' dir='ltr'><strong>alis,</strong></span> 
     </span>
     <span class='ocr_line' id='line_1_8' title="bbox 129 793 954 876; baseline -0.002 -19"><span class='ocrx_word' id='word_1_47' title='bbox 129 793 366 873; x_wconf 79' lang='lat' dir='ltr'><strong>Munychiosque</strong></span> <span class='ocrx_word' id='word_1_48' title='bbox 388 793 488 857; x_wconf 83' lang='lat' dir='ltr'><strong>rolens</strong></span> <span class='ocrx_word' id='word_1_49' title='bbox 509 814 595 876; x_wconf 84' lang='lat' dir='ltr'><strong>agros</strong></span> <span class='ocrx_word' id='word_1_50' title='bbox 616 804 785 873; x_wconf 88' lang='lat' dir='ltr'><strong>gratamque</strong></span> <span class='ocrx_word' id='word_1_51' title='bbox 807 794 954 856; x_wconf 81' lang='lat' dir='ltr'><strong>Minerrae</strong></span> 
     </span>
     <span class='ocr_line' id='line_1_9' title="bbox 130 875 878 960; baseline -0.004 -19"><span class='ocrx_word' id='word_1_52' title='bbox 130 875 322 958; x_wconf 81' lang='lat' dir='ltr'><strong>despectabat</strong></span> <span class='ocrx_word' id='word_1_53' title='bbox 344 880 467 941; x_wconf 88' lang='lat' dir='ltr'><strong>humum</strong></span> <span class='ocrx_word' id='word_1_54' title='bbox 489 882 617 960; x_wconf 88' lang='lat' dir='ltr'><strong>cultique</strong></span> <span class='ocrx_word' id='word_1_55' title='bbox 640 878 756 939; x_wconf 90' lang='lat' dir='ltr'><strong>arbusta</strong></span> <span class='ocrx_word' id='word_1_56' title='bbox 780 877 878 959; x_wconf 87' lang='lat' dir='ltr'><strong>Lycei.</strong></span> 
     </span>
     <span class='ocr_line' id='line_1_10' title="bbox 130 962 762 1042; baseline 0 -18"><span class='ocrx_word' id='word_1_57' title='bbox 130 964 182 1024; x_wconf 92' lang='lat' dir='ltr'><strong>illa</strong></span> <span class='ocrx_word' id='word_1_58' title='bbox 204 963 280 1023; x_wconf 88' lang='lat' dir='ltr'><strong>lorte</strong></span> <span class='ocrx_word' id='word_1_59' title='bbox 302 963 349 1024; x_wconf 92' lang='lat' dir='ltr'><strong>die</strong></span> <span class='ocrx_word' id='word_1_60' title='bbox 371 977 465 1026; x_wconf 91' lang='lat' dir='ltr'><strong>castae</strong></span> <span class='ocrx_word' id='word_1_61' title='bbox 487 967 524 1027; x_wconf 92' lang='lat' dir='ltr'><strong>de</strong></span> <span class='ocrx_word' id='word_1_62' title='bbox 546 982 626 1024; x_wconf 91' lang='lat' dir='ltr'><strong>more</strong></span> <span class='ocrx_word' id='word_1_63' title='bbox 649 962 762 1042; x_wconf 90' lang='lat' dir='ltr'><strong>puellae</strong></span> 
     </span>
     <span class='ocr_line' id='line_1_11' title="bbox 129 1047 829 1129; baseline 0.004 -22"><span class='ocrx_word' id='word_1_64' title='bbox 129 1047 241 1108; x_wconf 86' lang='lat' dir='ltr'><strong>vertice</strong></span> <span class='ocrx_word' id='word_1_65' title='bbox 263 1051 418 1129; x_wconf 90' lang='lat' dir='ltr'><strong>supposito</strong></span> <span class='ocrx_word' id='word_1_66' title='bbox 440 1053 527 1112; x_wconf 80' lang='lat' dir='ltr'><strong>testas</strong></span> <span class='ocrx_word' id='word_1_67' title='bbox 548 1050 578 1109; x_wconf 93' lang='lat' dir='ltr'><strong>in</strong></span> <span class='ocrx_word' id='word_1_68' title='bbox 602 1047 725 1109; x_wconf 88' lang='lat' dir='ltr'><strong>Palladis</strong></span> <span class='ocrx_word' id='word_1_69' title='bbox 745 1066 829 1110; x_wconf 87' lang='lat' dir='ltr'><strong>arcos</strong></span> 
     </span>
     <span class='ocr_line' id='line_1_12' title="bbox 130 1133 823 1216; baseline 0.003 -24"><span class='ocrx_word' id='word_1_70' title='bbox 130 1151 207 1213; x_wconf 93' lang='lat' dir='ltr'><strong>pura</strong></span> <span class='ocrx_word' id='word_1_71' title='bbox 230 1135 378 1196; x_wconf 90' lang='lat' dir='ltr'><strong>coronatis</strong></span> <span class='ocrx_word' id='word_1_72' title='bbox 400 1134 556 1216; x_wconf 90' lang='lat' dir='ltr'><strong>portabant</strong></span> <span class='ocrx_word' id='word_1_73' title='bbox 576 1152 657 1195; x_wconf 92' lang='lat' dir='ltr'><strong>sacra</strong></span> <span class='ocrx_word' id='word_1_74' title='bbox 679 1133 823 1195; x_wconf 84' lang='lat' dir='ltr'><strong>canistris.</strong></span> 
     </span>
     <span class='ocr_line' id='line_1_13' title="bbox 130 1216 858 1298; baseline 0.003 -20"><span class='ocrx_word' id='word_1_75' title='bbox 130 1216 202 1279; x_wconf 90' lang='lat' dir='ltr'><strong>inde</strong></span> <span class='ocrx_word' id='word_1_76' title='bbox 224 1229 403 1281; x_wconf 89' lang='lat' dir='ltr'><strong>revertentes</strong></span> <span class='ocrx_word' id='word_1_77' title='bbox 424 1221 496 1280; x_wconf 91' lang='lat' dir='ltr'><strong>dens</strong></span> <span class='ocrx_word' id='word_1_78' title='bbox 517 1219 641 1298; x_wconf 86' lang='lat' dir='ltr'><strong>adspicit</strong></span> <span class='ocrx_word' id='word_1_79' title='bbox 662 1219 721 1281; x_wconf 90' lang='lat' dir='ltr'><strong>ales</strong></span> <span class='ocrx_word' id='word_1_80' title='bbox 743 1218 858 1298; x_wconf 90' lang='lat' dir='ltr'><strong>iterque</strong></span> 
     </span>
     <span class='ocr_line' id='line_1_14' title="bbox 131 1303 1007 1383; baseline 0.003 -20"><span class='ocrx_word' id='word_1_81' title='bbox 131 1321 194 1363; x_wconf 93' lang='lat' dir='ltr'><strong>non</strong></span> <span class='ocrx_word' id='word_1_82' title='bbox 216 1303 279 1383; x_wconf 90' lang='lat' dir='ltr'><strong>agit</strong></span> <span class='ocrx_word' id='word_1_83' title='bbox 300 1305 331 1366; x_wconf 94' lang='lat' dir='ltr'><strong>in</strong></span> <span class='ocrx_word' id='word_1_84' title='bbox 354 1313 476 1375; x_wconf 88' lang='lat' dir='ltr'><strong>rectum,</strong></span> <span class='ocrx_word' id='word_1_85' title='bbox 498 1304 547 1363; x_wconf 85' lang='lat' dir='ltr'><strong>sed</strong></span> <span class='ocrx_word' id='word_1_86' title='bbox 570 1305 600 1364; x_wconf 95' lang='lat' dir='ltr'><strong>in</strong></span> <span class='ocrx_word' id='word_1_87' title='bbox 624 1304 724 1365; x_wconf 93' lang='lat' dir='ltr'><strong>orbem</strong></span> <span class='ocrx_word' id='word_1_88' title='bbox 747 1313 849 1366; x_wconf 84' lang='lat' dir='ltr'><strong>curvat</strong></span> <span class='ocrx_word' id='word_1_89' title='bbox 870 1304 1007 1366; x_wconf 90' lang='lat' dir='ltr'><strong>eundem.</strong></span> 
     </span>
     <span class='ocr_line' id='line_1_15' title="bbox 130 1388 842 1468; baseline 0 -19"><span class='ocrx_word' id='word_1_90' title='bbox 130 1397 167 1449; x_wconf 89' lang='lat' dir='ltr'><strong>ut</strong></span> <span class='ocrx_word' id='word_1_91' title='bbox 188 1388 314 1450; x_wconf 83' lang='lat' dir='ltr'><strong>volucris</strong></span> <span class='ocrx_word' id='word_1_92' title='bbox 335 1388 405 1449; x_wconf 89' lang='lat' dir='ltr'><strong>risis</strong></span> <span class='ocrx_word' id='word_1_93' title='bbox 426 1388 606 1468; x_wconf 90' lang='lat' dir='ltr'><strong>rapidissima</strong></span> <span class='ocrx_word' id='word_1_94' title='bbox 629 1389 737 1450; x_wconf 88' lang='lat' dir='ltr'><strong>ntilnus</strong></span> <span class='ocrx_word' id='word_1_95' title='bbox 759 1389 842 1462; x_wconf 87' lang='lat' dir='ltr'><strong>extis,</strong></span> 
     </span>
     <span class='ocr_line' id='line_1_16' title="bbox 130 1472 941 1555; baseline -0.001 -20"><span class='ocrx_word' id='word_1_96' title='bbox 130 1475 203 1535; x_wconf 90' lang='lat' dir='ltr'><strong>dum</strong></span> <span class='ocrx_word' id='word_1_97' title='bbox 226 1474 310 1555; x_wconf 81' lang='lat' dir='ltr'><strong>timet</strong></span> <span class='ocrx_word' id='word_1_98' title='bbox 331 1481 362 1532; x_wconf 91' lang='lat' dir='ltr'><strong>et</strong></span> <span class='ocrx_word' id='word_1_99' title='bbox 384 1473 466 1533; x_wconf 92' lang='lat' dir='ltr'><strong>densi</strong></span> <span class='ocrx_word' id='word_1_100' title='bbox 488 1474 676 1535; x_wconf 87' lang='lat' dir='ltr'><strong>circumstant</strong></span> <span class='ocrx_word' id='word_1_101' title='bbox 697 1491 779 1534; x_wconf 90' lang='lat' dir='ltr'><strong>sacra</strong></span> <span class='ocrx_word' id='word_1_102' title='bbox 802 1472 941 1547; x_wconf 86' lang='lat' dir='ltr'><strong>ministri,</strong></span> 
     </span>
     <span class='ocr_line' id='line_1_17' title="bbox 130 1557 866 1636; baseline -0.003 -16"><span class='ocrx_word' id='word_1_103' title='bbox 130 1559 260 1620; x_wconf 82' lang='lat' dir='ltr'><strong>flectitur</strong></span> <span class='ocrx_word' id='word_1_104' title='bbox 281 1558 312 1618; x_wconf 91' lang='lat' dir='ltr'><strong>in</strong></span> <span class='ocrx_word' id='word_1_105' title='bbox 335 1574 438 1636; x_wconf 90' lang='lat' dir='ltr'><strong>gyrum</strong></span> <span class='ocrx_word' id='word_1_106' title='bbox 463 1577 518 1619; x_wconf 89' lang='lat' dir='ltr'><strong>uec</strong></span> <span class='ocrx_word' id='word_1_107' title='bbox 538 1558 656 1636; x_wconf 88' lang='lat' dir='ltr'><strong>longius</strong></span> <span class='ocrx_word' id='word_1_108' title='bbox 676 1557 762 1619; x_wconf 89' lang='lat' dir='ltr'><strong>audet</strong></span> <span class='ocrx_word' id='word_1_109' title='bbox 782 1558 866 1619; x_wconf 93' lang='lat' dir='ltr'><strong>abire</strong></span> 
     </span>
     <span class='ocr_line' id='line_1_18' title="bbox 130 1642 906 1724; baseline -0.001 -19"><span class='ocrx_word' id='word_1_110' title='bbox 130 1659 275 1724; x_wconf 82' lang='lat' dir='ltr'><strong>spemque</strong></span> <span class='ocrx_word' id='word_1_111' title='bbox 297 1660 378 1703; x_wconf 89' lang='lat' dir='ltr'><strong>suam</strong></span> <span class='ocrx_word' id='word_1_112' title='bbox 401 1644 490 1705; x_wconf 87' lang='lat' dir='ltr'><strong>motis</strong></span> <span class='ocrx_word' id='word_1_113' title='bbox 511 1644 610 1702; x_wconf 88' lang='lat' dir='ltr'><strong>avidus</strong></span> <span class='ocrx_word' id='word_1_114' title='bbox 632 1642 821 1705; x_wconf 87' lang='lat' dir='ltr'><strong>circumvolat</strong></span> <span class='ocrx_word' id='word_1_115' title='bbox 842 1643 906 1718; x_wconf 87' lang='lat' dir='ltr'><strong>alis,</strong></span> 
     </span>
     <span class='ocr_line' id='line_1_19' title="bbox 130 1727 808 1807; baseline 0 -18"><span class='ocrx_word' id='word_1_116' title='bbox 130 1729 176 1789; x_wconf 87' lang='lat' dir='ltr'><strong>sic</strong></span> <span class='ocrx_word' id='word_1_117' title='bbox 197 1745 288 1807; x_wconf 85' lang='lat' dir='ltr'><strong>super</strong></span> <span class='ocrx_word' id='word_1_118' title='bbox 309 1731 430 1789; x_wconf 78' lang='lat' dir='ltr'><strong>Actaeas</strong></span> <span class='ocrx_word' id='word_1_119' title='bbox 451 1727 534 1805; x_wconf 89' lang='lat' dir='ltr'><strong>agilis</strong></span> <span class='ocrx_word' id='word_1_120' title='bbox 556 1727 704 1806; x_wconf 84' lang='lat' dir='ltr'><strong>Cyllenius</strong></span> <span class='ocrx_word' id='word_1_121' title='bbox 725 1745 808 1789; x_wconf 91' lang='lat' dir='ltr'><strong>arces</strong></span> 
     </span>
     <span class='ocr_line' id='line_1_20' title="bbox 131 1809 829 1875; baseline 0.003 -2"><span class='ocrx_word' id='word_1_122' title='bbox 131 1809 257 1873; x_wconf 91' lang='lat' dir='ltr'><strong>inclinat</strong></span> <span class='ocrx_word' id='word_1_123' title='bbox 277 1830 382 1873; x_wconf 87' lang='lat' dir='ltr'><strong>cursus</strong></span> <span class='ocrx_word' id='word_1_124' title='bbox 403 1822 432 1873; x_wconf 92' lang='lat' dir='ltr'><strong>et</strong></span> <span class='ocrx_word' id='word_1_125' title='bbox 453 1814 568 1873; x_wconf 90' lang='lat' dir='ltr'><strong>easdem</strong></span> <span class='ocrx_word' id='word_1_126' title='bbox 591 1814 714 1874; x_wconf 90' lang='lat' dir='ltr'><strong>circinat</strong></span> <span class='ocrx_word' id='word_1_127' title='bbox 734 1831 829 1875; x_wconf 90' lang='lat' dir='ltr'><strong>auras.</strong></span> 
     </span>
     <span class='ocr_line' id='line_1_21' title="bbox 132 1896 907 1978; baseline 0.001 -21"><span class='ocrx_word' id='word_1_128' title='bbox 132 1905 244 1976; x_wconf 90' lang='lat' dir='ltr'><strong>quanto</strong></span> <span class='ocrx_word' id='word_1_129' title='bbox 266 1896 448 1977; x_wconf 83' lang='lat' dir='ltr'><strong>splendidior</strong></span> <span class='ocrx_word' id='word_1_130' title='bbox 470 1915 556 1978; x_wconf 89' lang='lat' dir='ltr'><strong>qnam</strong></span> <span class='ocrx_word' id='word_1_131' title='bbox 579 1910 673 1960; x_wconf 89' lang='lat' dir='ltr'><strong>cetera</strong></span> <span class='ocrx_word' id='word_1_132' title='bbox 696 1898 789 1962; x_wconf 89' lang='lat' dir='ltr'><strong>sidera</strong></span> <span class='ocrx_word' id='word_1_133' title='bbox 813 1897 907 1977; x_wconf 87' lang='lat' dir='ltr'><strong>lulget</strong></span> 
     </span>
     <span class='ocr_line' id='line_1_22' title="bbox 131 1981 917 2062; baseline 0.003 -20"><span class='ocrx_word' id='word_1_134' title='bbox 131 1981 261 2056; x_wconf 82' lang='lat' dir='ltr'><strong>Lucifer,</strong></span> <span class='ocrx_word' id='word_1_135' title='bbox 283 1992 313 2044; x_wconf 88' lang='lat' dir='ltr'><strong>et</strong></span> <span class='ocrx_word' id='word_1_136' title='bbox 334 1993 444 2062; x_wconf 86' lang='lat' dir='ltr'><strong>quanto</strong></span> <span class='ocrx_word' id='word_1_137' title='bbox 467 1993 507 2052; x_wconf 90' lang='lat' dir='ltr'><strong>te,</strong></span> <span class='ocrx_word' id='word_1_138' title='bbox 530 1983 656 2056; x_wconf 80' lang='lat' dir='ltr'><strong>Lucifer,</strong></span> <span class='ocrx_word' id='word_1_139' title='bbox 678 2003 766 2045; x_wconf 91' lang='lat' dir='ltr'><strong>aurea</strong></span> <span class='ocrx_word' id='word_1_140' title='bbox 789 1981 917 2054; x_wconf 81' lang='lat' dir='ltr'><strong>Phoebe,</strong></span> 
     </span>
     <span class='ocr_line' id='line_1_23' title="bbox 131 2067 891 2148; baseline 0.001 -20"><span class='ocrx_word' id='word_1_141' title='bbox 131 2077 215 2128; x_wconf 89' lang='lat' dir='ltr'><strong>tanto</strong></span> <span class='ocrx_word' id='word_1_142' title='bbox 237 2067 401 2146; x_wconf 86' lang='lat' dir='ltr'><strong>virginibus</strong></span> <span class='ocrx_word' id='word_1_143' title='bbox 424 2069 617 2148; x_wconf 86' lang='lat' dir='ltr'><strong>praestantior</strong></span> <span class='ocrx_word' id='word_1_144' title='bbox 639 2069 777 2130; x_wconf 90' lang='lat' dir='ltr'><strong>omnibus</strong></span> <span class='ocrx_word' id='word_1_145' title='bbox 799 2069 891 2130; x_wconf 85' lang='lat' dir='ltr'><strong>llerse</strong></span> 
     </span>
     <span class='ocr_line' id='line_1_24' title="bbox 132 2152 969 2233; baseline 0 -21"><span class='ocrx_word' id='word_1_146' title='bbox 132 2152 194 2213; x_wconf 93' lang='lat' dir='ltr'><strong>ibat</strong></span> <span class='ocrx_word' id='word_1_147' title='bbox 215 2161 336 2232; x_wconf 89' lang='lat' dir='ltr'><strong>eratque</strong></span> <span class='ocrx_word' id='word_1_148' title='bbox 357 2153 448 2214; x_wconf 85' lang='lat' dir='ltr'><strong>decus</strong></span> <span class='ocrx_word' id='word_1_149' title='bbox 470 2172 595 2233; x_wconf 88' lang='lat' dir='ltr'><strong>pompae</strong></span> <span class='ocrx_word' id='word_1_150' title='bbox 617 2153 817 2233; x_wconf 89' lang='lat' dir='ltr'><strong>comitumque</strong></span> <span class='ocrx_word' id='word_1_151' title='bbox 839 2170 969 2214; x_wconf 88' lang='lat' dir='ltr'><strong>suarum.</strong></span> 
     </span>
     <span class='ocr_line' id='line_1_25' title="bbox 133 2236 941 2319; baseline 0.001 -22"><span class='ocrx_word' id='word_1_152' title='bbox 133 2236 277 2316; x_wconf 90' lang='lat' dir='ltr'><strong>obstipuit</strong></span> <span class='ocrx_word' id='word_1_153' title='bbox 299 2239 391 2298; x_wconf 89' lang='lat' dir='ltr'><strong>lorma</strong></span> <span class='ocrx_word' id='word_1_154' title='bbox 414 2236 480 2298; x_wconf 87' lang='lat' dir='ltr'><strong>lore</strong></span> <span class='ocrx_word' id='word_1_155' title='bbox 503 2248 598 2312; x_wconf 86' lang='lat' dir='ltr'><strong>natus,</strong></span> <span class='ocrx_word' id='word_1_156' title='bbox 621 2250 646 2298; x_wconf 89' lang='lat' dir='ltr'><strong>et</strong></span> <span class='ocrx_word' id='word_1_157' title='bbox 669 2239 786 2299; x_wconf 89' lang='lat' dir='ltr'><strong>aethere</strong></span> <span class='ocrx_word' id='word_1_158' title='bbox 808 2239 941 2319; x_wconf 89' lang='lat' dir='ltr'><strong>pendeus</strong></span> 
     </span>
     <span class='ocr_line' id='line_1_26' title="bbox 133 2321 988 2404; baseline 0.001 -22"><span class='ocrx_word' id='word_1_159' title='bbox 133 2340 194 2382; x_wconf 91' lang='lat' dir='ltr'><strong>non</strong></span> <span class='ocrx_word' id='word_1_160' title='bbox 217 2339 304 2382; x_wconf 90' lang='lat' dir='ltr'><strong>secus</strong></span> <span class='ocrx_word' id='word_1_161' title='bbox 326 2322 444 2395; x_wconf 82' lang='lat' dir='ltr'><strong>exarsit,</strong></span> <span class='ocrx_word' id='word_1_162' title='bbox 466 2343 553 2402; x_wconf 91' lang='lat' dir='ltr'><strong>quam</strong></span> <span class='ocrx_word' id='word_1_163' title='bbox 576 2343 642 2385; x_wconf 90' lang='lat' dir='ltr'><strong>cum</strong></span> <span class='ocrx_word' id='word_1_164' title='bbox 666 2323 811 2385; x_wconf 81' lang='lat' dir='ltr'><strong>balearica</strong></span> <span class='ocrx_word' id='word_1_165' title='bbox 833 2321 988 2404; x_wconf 90' lang='lat' dir='ltr'><strong>plumbum</strong></span> 
     </span>
     <span class='ocr_line' id='line_1_27' title="bbox 131 2406 904 2483; baseline 0.004 -17"><span class='ocrx_word' id='word_1_166' title='bbox 131 2406 223 2466; x_wconf 86' lang='lat' dir='ltr'><strong>lunda</strong></span> <span class='ocrx_word' id='word_1_167' title='bbox 245 2407 330 2467; x_wconf 85' lang='lat' dir='ltr'><strong>iacit:</strong></span> <span class='ocrx_word' id='word_1_168' title='bbox 353 2406 429 2468; x_wconf 83' lang='lat' dir='ltr'><strong>volat</strong></span> <span class='ocrx_word' id='word_1_169' title='bbox 450 2407 521 2469; x_wconf 92' lang='lat' dir='ltr'><strong>illud</strong></span> <span class='ocrx_word' id='word_1_170' title='bbox 543 2419 571 2469; x_wconf 91' lang='lat' dir='ltr'><strong>et</strong></span> <span class='ocrx_word' id='word_1_171' title='bbox 594 2409 774 2470; x_wconf 90' lang='lat' dir='ltr'><strong>incandescit</strong></span> <span class='ocrx_word' id='word_1_172' title='bbox 795 2409 904 2483; x_wconf 89' lang='lat' dir='ltr'><strong>cundo,</strong></span> 
     </span>
     <span class='ocr_line' id='line_1_28' title="bbox 132 2492 957 2573; baseline 0.005 -21"><span class='ocrx_word' id='word_1_173' title='bbox 132 2500 164 2552; x_wconf 90' lang='lat' dir='ltr'><strong>et</strong></span> <span class='ocrx_word' id='word_1_174' title='bbox 185 2510 261 2570; x_wconf 84' lang='lat' dir='ltr'><strong>quos</strong></span> <span class='ocrx_word' id='word_1_175' title='bbox 283 2511 345 2553; x_wconf 94' lang='lat' dir='ltr'><strong>non</strong></span> <span class='ocrx_word' id='word_1_176' title='bbox 367 2492 478 2566; x_wconf 85' lang='lat' dir='ltr'><strong>hahuit,</strong></span> <span class='ocrx_word' id='word_1_177' title='bbox 500 2492 555 2555; x_wconf 87' lang='lat' dir='ltr'><strong>sub</strong></span> <span class='ocrx_word' id='word_1_178' title='bbox 578 2495 707 2556; x_wconf 89' lang='lat' dir='ltr'><strong>nubibus</strong></span> <span class='ocrx_word' id='word_1_179' title='bbox 729 2494 841 2556; x_wconf 88' lang='lat' dir='ltr'><strong>invenit</strong></span> <span class='ocrx_word' id='word_1_180' title='bbox 862 2494 957 2573; x_wconf 90' lang='lat' dir='ltr'><strong>ignes.</strong></span> 
     </span>
     <span class='ocr_line' id='line_1_29' title="bbox 131 2576 820 2659; baseline 0.006 -24"><span class='ocrx_word' id='word_1_181' title='bbox 131 2576 219 2636; x_wconf 84' lang='lat' dir='ltr'><strong>vertit</strong></span> <span class='ocrx_word' id='word_1_182' title='bbox 240 2577 296 2638; x_wconf 92' lang='lat' dir='ltr'><strong>iter</strong></span> <span class='ocrx_word' id='word_1_183' title='bbox 316 2577 457 2657; x_wconf 86' lang='lat' dir='ltr'><strong>caeloque</strong></span> <span class='ocrx_word' id='word_1_184' title='bbox 479 2580 552 2659; x_wconf 89' lang='lat' dir='ltr'><strong>petit</strong></span> <span class='ocrx_word' id='word_1_185' title='bbox 571 2591 685 2641; x_wconf 90' lang='lat' dir='ltr'><strong>terrena</strong></span> <span class='ocrx_word' id='word_1_186' title='bbox 707 2578 820 2653; x_wconf 91' lang='lat' dir='ltr'><strong>relicto,</strong></span> 
     </span>
     <span class='ocr_line' id='line_1_30' title="bbox 133 2661 880 2725; baseline 0.001 -3"><span class='ocrx_word' id='word_1_187' title='bbox 133 2679 190 2722; x_wconf 91' lang='lat' dir='ltr'><strong>neo</strong></span> <span class='ocrx_word' id='word_1_188' title='bbox 210 2679 244 2722; x_wconf 87' lang='lat' dir='ltr'><strong>se</strong></span> <span class='ocrx_word' id='word_1_189' title='bbox 265 2661 444 2723; x_wconf 87' lang='lat' dir='ltr'><strong>dissimulat:</strong></span> <span class='ocrx_word' id='word_1_190' title='bbox 466 2674 544 2725; x_wconf 84' lang='lat' dir='ltr'><strong>tanta</strong></span> <span class='ocrx_word' id='word_1_191' title='bbox 567 2676 611 2724; x_wconf 89' lang='lat' dir='ltr'><strong>est</strong></span> <span class='ocrx_word' id='word_1_192' title='bbox 633 2663 737 2724; x_wconf 84' lang='lat' dir='ltr'><strong>fiducia</strong></span> <span class='ocrx_word' id='word_1_193' title='bbox 760 2664 880 2724; x_wconf 78' lang='lat' dir='ltr'><strong>formae.</strong></span> 
     </span>
     <span class='ocr_line' id='line_1_31' title="bbox 133 2747 1042 2827; baseline 0.002 -21"><span class='ocrx_word' id='word_1_194' title='bbox 133 2765 210 2826; x_wconf 88' lang='lat' dir='ltr'><strong>quae</strong></span> <span class='ocrx_word' id='word_1_195' title='bbox 231 2765 409 2827; x_wconf 90' lang='lat' dir='ltr'><strong>quamquam</strong></span> <span class='ocrx_word' id='word_1_196' title='bbox 430 2749 505 2809; x_wconf 89' lang='lat' dir='ltr'><strong>iusta</strong></span> <span class='ocrx_word' id='word_1_197' title='bbox 528 2760 581 2819; x_wconf 89' lang='lat' dir='ltr'><strong>est,</strong></span> <span class='ocrx_word' id='word_1_198' title='bbox 604 2768 673 2809; x_wconf 89' lang='lat' dir='ltr'><strong>cura</strong></span> <span class='ocrx_word' id='word_1_199' title='bbox 695 2760 791 2808; x_wconf 90' lang='lat' dir='ltr'><strong>tamen</strong></span> <span class='ocrx_word' id='word_1_200' title='bbox 814 2749 931 2810; x_wconf 87' lang='lat' dir='ltr'><strong>adiuvat</strong></span> <span class='ocrx_word' id='word_1_201' title='bbox 951 2747 1042 2822; x_wconf 84' lang='lat' dir='ltr'><strong>illam,</strong></span> 
     </span>
     <span class='ocr_line' id='line_1_32' title="bbox 132 2831 1053 2914; baseline 0.003 -23"><span class='ocrx_word' id='word_1_202' title='bbox 132 2831 357 2912; x_wconf 86' lang='lat' dir='ltr'><strong>permulcetque</strong></span> <span class='ocrx_word' id='word_1_203' title='bbox 378 2850 477 2893; x_wconf 90' lang='lat' dir='ltr'><strong>comas</strong></span> <span class='ocrx_word' id='word_1_204' title='bbox 499 2833 748 2913; x_wconf 75' lang='lat' dir='ltr'><strong>chlamydemque,</strong></span> <span class='ocrx_word' id='word_1_205' title='bbox 772 2843 805 2894; x_wconf 93' lang='lat' dir='ltr'><strong>ut</strong></span> <span class='ocrx_word' id='word_1_206' title='bbox 827 2834 954 2914; x_wconf 86' lang='lat' dir='ltr'><strong>pendeat</strong></span> <span class='ocrx_word' id='word_1_207' title='bbox 973 2844 1053 2914; x_wconf 90' lang='lat' dir='ltr'><strong>apte,</strong></span> 
     </span>
     <span class='ocr_line' id='line_1_33' title="bbox 133 2916 922 2999; baseline 0.001 -22"><span class='ocrx_word' id='word_1_208' title='bbox 133 2916 269 2988; x_wconf 89' lang='lat' dir='ltr'><strong>collocat,</strong></span> <span class='ocrx_word' id='word_1_209' title='bbox 292 2927 325 2978; x_wconf 91' lang='lat' dir='ltr'><strong>ut</strong></span> <span class='ocrx_word' id='word_1_210' title='bbox 346 2917 454 2977; x_wconf 92' lang='lat' dir='ltr'><strong>limbus</strong></span> <span class='ocrx_word' id='word_1_211' title='bbox 476 2927 627 2997; x_wconf 88' lang='lat' dir='ltr'><strong>totumque</strong></span> <span class='ocrx_word' id='word_1_212' title='bbox 649 2920 787 2999; x_wconf 89' lang='lat' dir='ltr'><strong>adpareat</strong></span> <span class='ocrx_word' id='word_1_213' title='bbox 807 2938 922 2991; x_wconf 90' lang='lat' dir='ltr'><strong>aurum,</strong></span> 
     </span>
     <span class='ocr_line' id='line_1_34' title="bbox 133 3001 936 3082; baseline 0.005 -21"><span class='ocrx_word' id='word_1_214' title='bbox 133 3011 167 3061; x_wconf 93' lang='lat' dir='ltr'><strong>ut</strong></span> <span class='ocrx_word' id='word_1_215' title='bbox 189 3011 267 3062; x_wconf 87' lang='lat' dir='ltr'><strong>teres</strong></span> <span class='ocrx_word' id='word_1_216' title='bbox 289 3001 320 3061; x_wconf 94' lang='lat' dir='ltr'><strong>in</strong></span> <span class='ocrx_word' id='word_1_217' title='bbox 343 3002 452 3075; x_wconf 88' lang='lat' dir='ltr'><strong>dextra,</strong></span> <span class='ocrx_word' id='word_1_218' title='bbox 474 3024 530 3082; x_wconf 92' lang='lat' dir='ltr'><strong>qua</strong></span> <span class='ocrx_word' id='word_1_219' title='bbox 553 3023 672 3064; x_wconf 89' lang='lat' dir='ltr'><strong>somnos</strong></span> <span class='ocrx_word' id='word_1_220' title='bbox 693 3004 775 3064; x_wconf 92' lang='lat' dir='ltr'><strong>ducit</strong></span> <span class='ocrx_word' id='word_1_221' title='bbox 797 3015 826 3064; x_wconf 91' lang='lat' dir='ltr'><strong>et</strong></span> <span class='ocrx_word' id='word_1_222' title='bbox 847 3017 936 3076; x_wconf 89' lang='lat' dir='ltr'><strong>arcet,</strong></span> 
     </span>
     <span class='ocr_line' id='line_1_35' title="bbox 132 3086 836 3169; baseline 0.007 -26"><span class='ocrx_word' id='word_1_223' title='bbox 132 3087 213 3163; x_wconf 86' lang='lat' dir='ltr'><strong>virga</strong></span> <span class='ocrx_word' id='word_1_224' title='bbox 236 3086 283 3158; x_wconf 88' lang='lat' dir='ltr'><strong>sit,</strong></span> <span class='ocrx_word' id='word_1_225' title='bbox 306 3097 339 3147; x_wconf 91' lang='lat' dir='ltr'><strong>ut</strong></span> <span class='ocrx_word' id='word_1_226' title='bbox 361 3088 445 3148; x_wconf 89' lang='lat' dir='ltr'><strong>tersis</strong></span> <span class='ocrx_word' id='word_1_227' title='bbox 466 3091 578 3149; x_wconf 86' lang='lat' dir='ltr'><strong>niteant</strong></span> <span class='ocrx_word' id='word_1_228' title='bbox 599 3090 695 3150; x_wconf 88' lang='lat' dir='ltr'><strong>talaria</strong></span> <span class='ocrx_word' id='word_1_229' title='bbox 718 3090 836 3169; x_wconf 91' lang='lat' dir='ltr'><strong>plantis.</strong></span> 
     </span>
     <span class='ocr_line' id='line_1_36' title="bbox 134 3172 912 3250; baseline 0.008 -21"><span class='ocrx_word' id='word_1_230' title='bbox 134 3189 204 3250; x_wconf 90' lang='lat' dir='ltr'><strong>pars</strong></span> <span class='ocrx_word' id='word_1_231' title='bbox 226 3180 339 3232; x_wconf 83' lang='lat' dir='ltr'><strong>secreta</strong></span> <span class='ocrx_word' id='word_1_232' title='bbox 360 3172 465 3232; x_wconf 86' lang='lat' dir='ltr'><strong>domus</strong></span> <span class='ocrx_word' id='word_1_233' title='bbox 487 3173 576 3234; x_wconf 89' lang='lat' dir='ltr'><strong>ebore</strong></span> <span class='ocrx_word' id='word_1_234' title='bbox 599 3185 627 3235; x_wconf 90' lang='lat' dir='ltr'><strong>et</strong></span> <span class='ocrx_word' id='word_1_235' title='bbox 649 3175 795 3235; x_wconf 89' lang='lat' dir='ltr'><strong>testudine</strong></span> <span class='ocrx_word' id='word_1_236' title='bbox 816 3174 912 3236; x_wconf 91' lang='lat' dir='ltr'><strong>cultos</strong></span> 
     </span>
     <span class='ocr_line' id='line_1_37' title="bbox 133 3255 1061 3338; baseline 0.005 -22"><span class='ocrx_word' id='word_1_237' title='bbox 133 3265 194 3316; x_wconf 85' lang='lat' dir='ltr'><strong>tres</strong></span> <span class='ocrx_word' id='word_1_238' title='bbox 216 3255 319 3316; x_wconf 90' lang='lat' dir='ltr'><strong>hahuit</strong></span> <span class='ocrx_word' id='word_1_239' title='bbox 340 3256 495 3319; x_wconf 89' lang='lat' dir='ltr'><strong>thalamos:</strong></span> <span class='ocrx_word' id='word_1_240' title='bbox 519 3279 644 3338; x_wconf 92' lang='lat' dir='ltr'><strong>quorum</strong></span> <span class='ocrx_word' id='word_1_241' title='bbox 667 3270 710 3333; x_wconf 92' lang='lat' dir='ltr'><strong>tu,</strong></span> <span class='ocrx_word' id='word_1_242' title='bbox 734 3260 892 3335; x_wconf 86' lang='lat' dir='ltr'><strong>Pandrose,</strong></span> <span class='ocrx_word' id='word_1_243' title='bbox 915 3261 1061 3333; x_wconf 82' lang='lat' dir='ltr'><strong>dextrum,</strong></span> 
     </span>
    </p>
   </div>
   <div class='ocr_carea' id='block_1_3' title="bbox 133 3435 1209 3937">
    <p class='ocr_par' dir='ltr' id='par_1_4' title="bbox 133 3435 1209 3937">
     <span class='ocr_line' id='line_1_38' title="bbox 203 3435 1205 3512; baseline 0.006 -24"><span class='ocrx_word' id='word_1_244' title='bbox 203 3441 252 3489; x_wconf 79' lang='lat'><strong>7⁰3</strong></span> <span class='ocrx_word' id='word_1_245' title='bbox 271 3442 354 3502; x_wconf 88' lang='lat' dir='ltr'><strong>erunt]</strong></span> <span class='ocrx_word' id='word_1_246' title='bbox 373 3449 444 3491; x_wconf 88' lang='lat' dir='ltr'><strong>erant</strong></span> <span class='ocrx_word' id='word_1_247' title='bbox 463 3461 477 3496; x_wconf 82' lang='grc' dir='ltr'><strong><em>ς</em></strong></span> <span class='ocrx_word' id='word_1_248' title='bbox 527 3446 573 3494; x_wconf 84' lang='lat' dir='ltr'><strong>tot</strong></span> <span class='ocrx_word' id='word_1_249' title='bbox 590 3435 692 3498; x_wconf 51' lang='lat' dir='ltr'><strong>§Risit</strong></span> <span class='ocrx_word' id='word_1_250' title='bbox 711 3442 734 3493; x_wconf 89' lang='lat' dir='ltr'><strong>ll</strong></span> <span class='ocrx_word' id='word_1_251' title='bbox 787 3459 829 3494; x_wconf 88' lang='lat' dir='ltr'><strong>mn</strong></span> <span class='ocrx_word' id='word_1_252' title='bbox 847 3446 892 3507; x_wconf 75' lang='lat' dir='ltr'><strong>(ere</strong></span> <span class='ocrx_word' id='word_1_253' title='bbox 911 3451 937 3508; x_wconf 85' lang='lat' dir='ltr'><strong>o)</strong></span> <span class='ocrx_word' id='word_1_254' title='bbox 955 3445 1106 3512; x_wconf 88' lang='lat' dir='ltr'><strong>nichiosque</strong></span> <span class='ocrx_word' id='word_1_255' title='bbox 1124 3444 1148 3495; x_wconf 89' lang='lat' dir='ltr'><strong>hl</strong></span> <span class='ocrx_word' id='word_1_256' title='bbox 1167 3449 1205 3508; x_wconf 79' lang='lat' dir='ltr'><strong>(in</strong></span> 
     </span>
     <span class='ocr_line' id='line_1_39' title="bbox 133 3509 1206 3579; baseline 0.01 -24"><span class='ocrx_word' id='word_1_257' title='bbox 133 3521 221 3571; x_wconf 83' lang='lat' dir='ltr'><strong>ntnrg.</strong></span> <span class='ocrx_word' id='word_1_258' title='bbox 239 3523 253 3557; x_wconf 87' lang='lat' dir='ltr'><strong>a</strong></span> <span class='ocrx_word' id='word_1_259' title='bbox 271 3509 398 3559; x_wconf 86' lang='lat' dir='ltr'><strong>monacho</strong></span> <span class='ocrx_word' id='word_1_260' title='bbox 416 3509 529 3575; x_wconf 77' lang='lat' dir='ltr'><strong>giganta)</strong></span> <span class='ocrx_word' id='word_1_261' title='bbox 572 3511 798 3578; x_wconf 74' lang='lat' dir='ltr'><strong>monicbiosquec</strong></span> <span class='ocrx_word' id='word_1_262' title='bbox 851 3516 901 3563; x_wconf 80' lang='lat' dir='ltr'><strong>ild</strong></span> <span class='ocrx_word' id='word_1_263' title='bbox 919 3513 1105 3579; x_wconf 85' lang='lat' dir='ltr'><strong>respiciebata</strong></span> <span class='ocrx_word' id='word_1_264' title='bbox 1156 3517 1206 3566; x_wconf 79' lang='lat'><strong>715</strong></span> 
     </span>
     <span class='ocr_line' id='line_1_40' title="bbox 135 3588 309 3655; baseline 0 -13"><span class='ocrx_word' id='word_1_265' title='bbox 135 3588 166 3655; x_wconf 70' lang='lat' dir='ltr'><strong>g*</strong></span> <span class='ocrx_word' id='word_1_266' title='bbox 276 3589 309 3642; x_wconf 87' lang='lat' dir='ltr'><strong>lo</strong></span> 
     </span>
     <span class='ocr_line' id='line_1_41' title="bbox 134 3657 1206 3731; baseline 0.009 -24"><span class='ocrx_word' id='word_1_267' title='bbox 134 3657 212 3709; x_wconf 81' lang='lat' dir='ltr'><strong>atttt</strong></span> <span class='ocrx_word' id='word_1_268' title='bbox 277 3659 417 3712; x_wconf 84' lang='lat' dir='ltr'><strong>eundema</strong></span> <span class='ocrx_word' id='word_1_269' title='bbox 485 3666 534 3715; x_wconf 79' lang='lat' dir='ltr'><strong>tto</strong></span> <span class='ocrx_word' id='word_1_270' title='bbox 557 3664 658 3716; x_wconf 78' lang='lat' dir='ltr'><strong>miliius</strong></span> <span class='ocrx_word' id='word_1_271' title='bbox 676 3665 772 3715; x_wconf 82' lang='lat' dir='ltr'><strong>extise</strong></span> <span class='ocrx_word' id='word_1_272' title='bbox 834 3664 858 3715; x_wconf 91' lang='lat' dir='ltr'><strong>in</strong></span> <span class='ocrx_word' id='word_1_273' title='bbox 881 3665 983 3716; x_wconf 82' lang='lat' dir='ltr'><strong>ertisC</strong></span> <span class='ocrx_word' id='word_1_274' title='bbox 1054 3667 1103 3716; x_wconf 74' lang='lat'><strong>720</strong></span> <span class='ocrx_word' id='word_1_275' title='bbox 1122 3665 1206 3731; x_wconf 85' lang='lat' dir='ltr'><strong>agilis]</strong></span> 
     </span>
     <span class='ocr_line' id='line_1_42' title="bbox 134 3726 1207 3799; baseline 0.009 -23"><span class='ocrx_word' id='word_1_276' title='bbox 134 3726 225 3778; x_wconf 73' lang='lat' dir='ltr'><strong>aridus</strong></span> <span class='ocrx_word' id='word_1_277' title='bbox 243 3727 367 3780; x_wconf 86' lang='lat' dir='ltr'><strong>cilleneus</strong></span> <span class='ocrx_word' id='word_1_278' title='bbox 385 3728 410 3779; x_wconf 86' lang='grc' dir='ltr'><strong><em>Μ</em></strong></span> <span class='ocrx_word' id='word_1_279' title='bbox 463 3733 619 3798; x_wconf 72' lang='lat' dir='ltr'><strong>&#39;ildquanto</strong></span> <span class='ocrx_word' id='word_1_280' title='bbox 638 3733 752 3799; x_wconf 77' lang='lat' dir='ltr'><strong>quamh</strong></span> <span class='ocrx_word' id='word_1_281' title='bbox 786 3748 855 3784; x_wconf 84' lang='lat' dir='ltr'><strong>corr.</strong></span> <span class='ocrx_word' id='word_1_282' title='bbox 874 3750 910 3784; x_wconf 76' lang='lat' dir='ltr'><strong>eac</strong></span> <span class='ocrx_word' id='word_1_283' title='bbox 928 3733 1105 3785; x_wconf 75' lang='lat' dir='ltr'><strong>coddlleina.</strong></span> <span class='ocrx_word' id='word_1_284' title='bbox 1156 3737 1207 3786; x_wconf 79' lang='lat'><strong>726</strong></span> 
     </span>
     <span class='ocr_line' id='line_1_43' title="bbox 135 3794 1208 3870; baseline 0.007 -26"><span class='ocrx_word' id='word_1_285' title='bbox 135 3794 302 3862; x_wconf 67' lang='lat' dir='ltr'><strong>obstupuit:</strong></span> <span class='ocrx_word' id='word_1_286' title='bbox 371 3800 419 3850; x_wconf 78' lang='lat' dir='ltr'><strong>tte</strong></span> <span class='ocrx_word' id='word_1_287' title='bbox 438 3799 608 3851; x_wconf 71' lang='lat' dir='ltr'><strong>incandelscit</strong></span> <span class='ocrx_word' id='word_1_288' title='bbox 627 3800 650 3850; x_wconf 87' lang='lat' dir='ltr'><strong>bl</strong></span> <span class='ocrx_word' id='word_1_289' title='bbox 704 3805 753 3852; x_wconf 68' lang='lat'><strong>730</strong></span> <span class='ocrx_word' id='word_1_290' title='bbox 772 3804 841 3864; x_wconf 74' lang='lat' dir='ltr'><strong>terr]</strong></span> <span class='ocrx_word' id='word_1_291' title='bbox 860 3801 993 3857; x_wconf 72' lang='lat' dir='ltr'><strong>diversae</strong></span> <span class='ocrx_word' id='word_1_292' title='bbox 1049 3804 1099 3854; x_wconf 77' lang='lat'><strong>7³5</strong></span> <span class='ocrx_word' id='word_1_293' title='bbox 1119 3800 1208 3870; x_wconf 78' lang='lat' dir='ltr'><strong>utq;l.</strong></span> 
     </span>
     <span class='ocr_line' id='line_1_44' title="bbox 135 3861 1209 3937; baseline 0.007 -24"><span class='ocrx_word' id='word_1_294' title='bbox 135 3861 242 3914; x_wconf 80' lang='lat' dir='ltr'><strong>dexuae</strong></span> <span class='ocrx_word' id='word_1_295' title='bbox 285 3866 335 3916; x_wconf 78' lang='grc'><strong>’136</strong></span> <span class='ocrx_word' id='word_1_296' title='bbox 347 3870 373 3916; x_wconf 86' lang='lat' dir='ltr'><strong>et</strong></span> <span class='ocrx_word' id='word_1_297' title='bbox 385 3867 486 3923; x_wconf 63' lang='lat' dir='ltr'><strong>tersis:</strong></span> <span class='ocrx_word' id='word_1_298' title='bbox 529 3867 859 3935; x_wconf 73' lang='lat' dir='ltr'><strong>idspandrosetei.r.)lll</strong></span> <span class='ocrx_word' id='word_1_299' title='bbox 887 3869 1037 3936; x_wconf 81' lang='lat' dir='ltr'><strong>pandrasea</strong></span> <span class='ocrx_word' id='word_1_300' title='bbox 1056 3866 1209 3937; x_wconf 76' lang='lat' dir='ltr'><strong>prandnsel</strong></span> 
     </span>
    </p>
   </div>
   <div class='ocr_carea' id='block_1_4' title="bbox 0 0 1356 4230">
    <p class='ocr_par' dir='ltr' id='par_1_5' title="bbox 0 0 1356 4230">
     <span class='ocr_line' id='line_1_45' title="bbox 0 0 1356 4230; baseline 0 0"><span class='ocrx_word' id='word_1_301' title='bbox 0 0 1356 4230; x_wconf 95' lang='lat' dir='ltr'><strong> </strong></span> 
     </span>
    </p>
   </div>
  </div>
 </body>
</html>
