2692 4230
159 145 179 203 2
617 157 769 215 unruuu.

158 322 313 387 dissociata
335 324 409 389 locis
430 328 569 389 concordi
592 347 664 406 pace
686 327 793 406 ligavit.

158 407 244 488 ignea
267 411 389 473 convexi
411 411 455 472 ris
475 421 505 473 et
526 412 591 472 sine
612 411 743 490 pondere
765 414 838 475 caeli

158 493 278 555 emicuit
299 514 471 576 summaque
492 495 590 556 locum
612 494 669 555 sibi
691 495 760 557 iecit
781 496 812 557 in
834 517 919 563 aree:

159 578 310 658 proximus
332 590 376 641 est
397 589 447 641 adr
467 578 510 639 illi
531 577 657 638 'levitate
679 578 820 659 locoque·

157 662 276 724 densior
297 663 343 725 bis
365 663 452 726 tellus
465 661 675 740 elementaque
696 663 816 740 grandia
842 668 929 730 traxit

157 758 186 808 et
208 766 308 844 pressa
330 758 374 810 est
395 746 533 828 gravitate
556 762 624 805 sua·
648 745 837 809 circumfluus
858 768 945 813 umor

157 832 264 893 extima
286 832 417 913 possedit
438 828 624 909 solidumque
646 831 778 894 coercuit
797 831 909 894 orbem.

240 916 363 978 Sicubi
384 913 555 994 dispositam
579 914 713 1013 quisquis
734 916 789 979 luit
810 915 860 979 iiie
881 917 1003 984 deorum

155 1000 324 1098 congeriem
346 997 440 1060 secuit
460 1009 631 1079 sectamque
651 1001 683 1061 in
704 1003 834 1064 membra
856 1003 978 1100 redegit,

154 1085 303 1167 principio
325 1092 502 1157 terramus
525 1101 586 1145 non
608 1085 738 1166 aequalis
759 1088 795 1148 ab
818 1086 898 1149 omni

154 1180 237 1251 parte
260 1169 345 1241 foret,
366 1166 465 1246 magni
486 1169 616 1250 speciem
638 1170 837 1248 glomeravit
828 1191 859 1235 ιιι
888 1172 977 1235 orbis

153 1264 215 1314 tum
238 1253 312 1314 freta
333 1252 449 1315 diffudit
469 1253 636 1335 rapidisque
657 1265 822 1318 tumescere
846 1257 942 1320 ventis

153 1337 239 1398 iussit
261 1347 290 1399 et
310 1337 436 1400 ambitae
457 1338 639 1429 circumdare
660 1338 924 1402 literaturae·

153 1421 263 1484 addidit
284 1431 315 1484 et
335 1423 433 1484 sontes
454 1433 483 1484 et
504 1402 760 1501 st'agnainmensa
784 1424 933 1505 lacusque,

153 1507 334 1588 lluminaque
356 1506 484 1587 obliquis
505 1505 597 1567 cinxit
618 1506 738 1568 declivia
760 1507 842 1588 ripis,

153 1611 238 1689 quae,
259 1591 372 1654 diversa
393 1589 476 1664 loeis,
498 1589 605 1673 partim
626 1591 784 1654 sorbentur
804 1591 871 1653 ab
863 1611 936 1673 ipsa,

152 1676 182 1738 in
204 1694 286 1738 mare
307 1676 484 1758 perveniunt
505 1676 612 1757 partim
634 1695 797 1758 campoque
822 1687 939 1758 recepta

152 1760 299 1822 liberioris
320 1779 413 1841 aquae
434 1779 488 1841 pro
510 1759 584 1841 ripis
612 1760 696 1822 litora
720 1761 847 1841 pulsant.

152 1846 238 1907 iussit
259 1854 287 1906 et
309 1844 426 1906 extendi
448 1862 579 1924 campos
600 1845 752 1906 subsidere
767 1845 863 1920 valles,

152 1930 257 1991 ironde
278 1929 336 2008 tegi
358 1928 454 2001 silvas,
474 1927 624 2008 lapidosos
650 1947 770 2008 surgere
791 1940 916 1991 montes.

150 2025 243 2094 utque
264 2013 338 2074 duae
359 2013 459 2074 dextra
480 2013 593 2074 caelum
615 2013 796 2093 totidemque
816 2013 934 2075 sinistra

151 2109 234 2179 parte
255 2109 355 2159 secant
376 2116 477 2172 zonae,
500 2097 602 2178 quinta
624 2110 668 2158 est
690 2098 838 2159 ardentior
862 2098 929 2173 illis,

149 2184 193 2245 sie
215 2201 291 2243 onus
312 2182 459 2243 inclusum
483 2201 605 2243 numero
627 2183 758 2244 distinxit
787 2183 888 2244 eodem

150 2287 219 2330 cura
241 2268 298 2342 dei,
320 2268 500 2346 totidemque
521 2267 624 2346 plagae
646 2267 749 2328 tellure
771 2278 955 2347 premuntur.

149 2370 274 2433 quarum
296 2371 371 2432 quae
391 2352 486 2412 media
509 2362 562 2423 est,
585 2370 645 2412 non
668 2362 713 2412 est
734 2348 898 2414 habitabilis
922 2362 1022 2414 aestu:

150 2439 199 2499 nix
222 2437 295 2517 tegit
315 2435 373 2498 alta
395 2437 482 2497 duas:
510 2435 632 2497 totidem
655 2436 731 2497 inter
752 2448 909 2518 utrumque
931 2437 1037 2498 locavit

149 2523 379 2602 temperiemque
401 2521 480 2581 dedit
502 2523 591 2581 mixta
613 2540 680 2581 cum
702 2521 812 2600 lrigore
834 2523 958 2583 llamma.

148 2608 273 2668 inminet
294 2607 341 2667 his
362 2615 421 2666 aer
464 2606 525 2686 qui,
548 2617 658 2685 quanto
682 2615 724 2666 est
746 2606 878 2686 pondere
899 2618 994 2668 terrae

147 2693 265 2773 pondus
286 2709 378 2771 aquae
399 2689 502 2762 levius,
524 2699 603 2750 tauto
626 2702 670 2751 est
691 2691 845 2752 onerosior
866 2691 936 2771 igni.

147 2776 208 2854 illie
230 2787 260 2838 et
281 2773 413 2847 nebulas,
435 2773 496 2835 illic
517 2775 679 2836 consistere
702 2775 796 2836 nubes

146 2861 232 2923 iussit
252 2871 282 2922 et
302 2821 445 2922 humanas
466 2869 581 2920 motura
603 2861 730 2920 tonitrua
752 2870 866 2921 mentes

146 2957 175 3008 ct
197 2964 264 3007 cum
287 2944 459 3006 fulminibus
480 2943 619 3006 iacientes
643 2944 751 3024 frigora
765 2954 884 3005 ventos.

145 3031 192 3092 bis
213 3048 334 3111 quoque
356 3047 415 3090 non
439 3029 547 3109 passim
570 3030 672 3090 mundi
692 3029 849 3090 fabricator
870 3028 1037 3091 babendum

144 3134 211 3177 aera
233 3114 381 3195 permisit:
404 3113 450 3175 vix
471 3132 554 3175 nunc
575 3113 727 3174 obsistitur
748 3113 815 3187 iilis,

145 3218 213 3262 cum
235 3219 288 3261 sua
310 3199 436 3279 quisque
456 3207 559 3277 regant
580 3197 695 3259 diverso
716 3197 834 3259 flamina
857 3207 960 3272 tractu,

145 3285 217 3364 quin
240 3283 351 3345 lanient
372 3283 531 3356 mundum;
554 3292 634 3344 tauta
656 3292 699 3343 est
720 3281 864 3344 discordia
886 3283 1018 3344 fratrum.

144 3370 243 3431 Eurus
263 3368 299 3430 ad
320 3386 456 3430 auroram
477 3367 678 3447 Nabataeaque
700 3385 789 3445 regna
811 3367 932 3428 recessit

144 3487 348 3500 ———-—-

211 3554 243 3605 tt
263 3550 313 3604 sibi
329 3549 428 3616 legite
465 3549 514 3601 salu
531 3549 602 3616 leger
618 3546 678 3602 roi
729 3542 813 3602 29ἒ
792 3538 1006 3615 elementaque

1059 181 1137 219 nusol
1154 185 1229 222 ottttto

1199 351 1228 400 25

1183 3295 1214 3345 lit)

1022 3547 1089 3613 (ruat
1105 3547 1168 3613 uu.)
1185 3547 1212 3599 ιι

143 3623 176 3674 30
193 3623 233 3672 ric
249 3618 275 3670 bt
305 3617 377 3674 suis
420 3619 450 3671 at
470 3616 564 3670 extima
582 3621 652 3670 coni.
668 3618 778 3685 Bentley
798 3607 936 3671 ultimaA
979 3619 1012 3670 36
1031 3614 1134 3668 tuucbi
1163 3615 1213 3668 dii·

143 3686 215 3741 iundi
228 3688 318 3739 Halm.
342 3684 528 3754 tumidisquea
562 3689 595 3740 tt
614 3686 772 3754 tegiJregia
806 3689 839 3740 45
856 3681 955 3736 caelum
968 3684 1088 3736 dextrae
1121 3687 1155 3737 to
1172 3699 1213 3737 se·

143 3761 232 3809 centa
267 3757 300 3809 50
315 3756 356 3805 cic
372 3769 408 3805 aa·
423 3752 445 3806 ll
461 3752 828 3806 oeconomorum
853 3752 1018 3819 utramqueA

1053 3756 1086 3806 53
1098 3751 1211 3819 pondere

142 3822 333 3892 aqaexlevior
349 3819 375 3872 bi
405 3820 505 3889 pondus
520 3836 602 3901 aquae
620 3823 732 3876 leniora
755 3838 825 3873 corr.
842 3837 878 3871 ca
895 3820 953 3873 cod.
972 3820 1144 3872 Constantius
1155 3819 1209 3871 Fa·

122 3892 223 3935 meh
246 3891 346 3953 ignee
395 3891 432 3942 57
447 3888 601 3944 [rubricator
616 3886 699 3952 tito
717 3896 821 3958 regate
874 3891 904 3942 dl
925 3887 1142 3956 debitumquen
1195 3910 1199 3915 ·
