2692 4230
465 171 518 238 vu,
536 172 679 225 eac-eos.
714 168 775 236 vm,
794 173 884 224 1-a2.

484 436 623 525 LIBIlR
649 438 861 527 odimus,

218 611 279 673 lam
302 608 428 670 nitidum
450 619 602 692 retegente
624 611 702 674 diem
725 611 879 693 noctisque
901 611 1019 691 iugante

133 708 266 778 tempora
288 692 426 755 Lucilero
449 697 526 758 eadit
548 715 647 769 eurus,
669 704 698 757 et
719 695 816 758 umida
837 704 964 775 surgunt

134 781 244 844 nubila.
289 778 360 839 dant
382 777 489 859 placidi
511 799 631 844 cursum
652 779 842 842 redeuntibus
868 780 960 843 austri

133 863 267 927 Aeacidis
289 861 496 946 Cephaloque3
520 865 628 947 quibus
650 861 773 925 feliciter
791 864 849 925 acti

132 959 200 1010 ante
223 957 426 1027 exspectatum
448 959 554 1031 portus
575 959 697 1010 tenuere
719 946 836 1028 petitos.

134 1033 246 1093 interea
268 1032 365 1095 blinos
387 1034 523 1115 Lelegeia
546 1032 631 1095 litora
653 1040 744 1093 vastat

133 1126 387 1199 praetemptatque
409 1120 455 1180 sui
476 1118 555 1179 vires
576 1117 713 1179 Mavortis
734 1116 764 1177 in
787 1115 861 1178 urbe

132 1200 276 1278 Alcathoi,
300 1220 387 1283 quam
409 1203 498 1264 Nisus
519 1202 617 1278 habet,
640 1202 688 1264 cui
709 1200 881 1282 splendidus
902 1212 982 1263 ostro

133 1284 210 1347 inter
230 1288 393 1349 honoratos
415 1287 572 1369 medioque
594 1288 624 1348 in
648 1287 756 1350 vertice
777 1304 869 1349 canos

132 1371 223 1433 crinis
245 1371 427 1446 inhaerebat,
450 1373 550 1451 magni
572 1372 677 1434 fiducia
699 1371 792 1451 regni.

218 1455 305 1517 Sexta
327 1455 523 1533 resurgebant
545 1455 671 1518 orientis
691 1472 803 1517 cornua
824 1453 923 1531 lunae,

134 1549 163 1600 et
183 1539 331 1620 pendebat
352 1540 449 1601 adhue
470 1539 541 1602 belli
563 1540 697 1602 lortunaa
719 1539 828 1620 diuque

132 1623 210 1685 inter
231 1633 393 1704 utrumque
414 1623 492 1686 volat
514 1624 613 1686 dubiis
634 1623 760 1686 Victoria
782 1624 898 1705 pennis.

131 1708 211 1788 regia
234 1708 324 1769 turris
346 1718 409 1771 erat
431 1708 581 1772 vocalibus
602 1708 700 1771 addita
721 1709 823 1783 muris,

133 1792 163 1852 in
186 1791 295 1872 quibus
317 1802 447 1855 auratam
470 1793 569 1874 proles
590 1793 691 1855 Letoia
713 1794 806 1855 lentur

130 1876 303 1957 deposuisse
324 1877 433 1958 lyram:
456 1896 527 1941 saxo
549 1896 642 1940 sonus
663 1877 727 1940 eius
748 1876 881 1940 inhaesit.

131 1979 219 2043 saepe
241 1961 312 2024 illue
333 1961 419 2026 solita
441 1973 487 2026 est
508 1964 667 2026 ascendere
689 1963 747 2026 fllia
768 1962 831 2026 Nisi

130 2055 160 2108 et
181 2055 282 2128 petere
304 2048 411 2128 exiguo
434 2049 603 2111 resonantia
625 2067 693 2111 saxa
714 2047 825 2130 lapillo,

130 2140 193 2192 tum
216 2150 285 2192 cum
308 2151 365 2213 pax
386 2141 482 2207 esset3
505 2132 584 2195 bello
606 2151 725 2214 quoque
747 2149 834 2213 saepe
855 2129 967 2193 solebat

130 2224 264 2296 spectare
286 2235 322 2278 ex
344 2215 393 2277 illa
415 2217 504 2297 rigidi
526 2218 686 2280 certamina
712 2217 820 2278 Martis.

132 2302 250 2380 iamque
271 2319 353 2362 mora
375 2300 445 2362 belli
469 2320 626 2383 procerum
649 2320 768 2384 quoque
790 2301 910 2363 nomina
931 2307 1016 2362 norat

130 2402 271 2465 armaque
293 2405 447 2467 equosque
468 2387 644 2468 habitusque
665 2387 875 2466 Cydoneasque
896 2385 1055 2466 pharetras.

131 2479 251 2531 noverat
272 2480 341 2532 ante
363 2470 438 2532 alios
459 2472 564 2534 faciem
586 2472 669 2534 ducis
691 2471 847 2552 Europaei,

130 2552 198 2633 pius
220 2555 317 2629 etiam,
340 2573 429 2636 mam
449 2574 538 2618 nosse
560 2565 605 2618 sat
627 2564 680 2618 est.
722 2557 778 2618 bac
799 2555 895 2617 iudice
916 2554 1023 2628 blinos,

131 2656 182 2700 seu
206 2648 295 2720 eaput
316 2639 467 2702 abdiderat
488 2641 607 2703 cristata
629 2640 740 2704 casside
765 2640 883 2722 pennis.

130 2722 160 2784 in
184 2722 266 2804 galea
289 2724 437 2787 formosus
459 2732 537 2800 erat;
560 2745 613 2788 seu
635 2734 801 2806 sumpserat
823 2742 891 2787 aere

131 2808 292 2887 fulgentem
314 2808 455 2889 clipeum,
478 2809 606 2891 clipeum
628 2811 788 2891 sumpsisse
808 2809 938 2872 decebat.

130 2900 255 2954 torserat
276 2894 410 2955 adductis
432 2894 548 2957 hastilia
569 2895 647 2957 lenta
670 2896 802 2956 lacertis:

131 2976 267 3038 laudabat
290 2978 371 3056 virgo
394 2979 526 3040 iunctam
548 2998 616 3041 cum
638 2979 749 3042 viribus
770 2989 872 3042 artem.

131 3061 260 3142 inposito
283 3062 396 3124 calamo
419 3063 538 3144 patulos
560 3065 724 3126 sinuaverat
744 3083 845 3126 arcus:

130 3146 173 3206 sic
194 3145 348 3207 Phoebum
371 3149 498 3229 sumptis
520 3149 635 3210 iurabat
655 3159 731 3211 stare
753 3149 873 3228 sagittis.

130 3249 198 3291 curn
220 3250 289 3292 vero
312 3231 418 3293 laciem
440 3233 562 3315 dempto
585 3235 742 3296 nudaverat
763 3253 830 3296 aere

197 3398 296 3450 lactis
314 3397 340 3449 M
409 3344 682 3466 begsspectotumll
752 3395 930 3468 spectatumi
998 3406 1204 3467 exspectatume

130 3469 294 3530 ipraeterea
313 3464 354 3531 Μ,
377 3483 447 3519 corr.
465 3471 533 3519 m.l
604 3466 798 3521 8Alcatboell
867 3462 1019 3536 alcotboqi
1086 3466 1203 3518 Alcathoi

130 3617 254 3667 Heinsius
306 3615 390 3669 medio
410 3616 441 3669 de
460 3618 590 3674 vertices
645 3621 674 3671 13
692 3550 802 3686 ζὲιέειτίῃ
818 3617 844 3670 Μ
902 3623 931 3672 ¹5
949 3619 1046 3671 loerora
1064 3617 1101 3669 it*
1153 3618 1205 3668 lae·

129 3684 180 3736 toia
198 3682 239 3734 tl·
291 3684 401 3736 latoias
453 3683 583 3739 latoniai
638 3690 667 3738 li
685 3686 761 3738 solita
779 3704 813 3738 ea
831 3687 915 3756 posita
933 3685 969 3738 lil¹
1022 3688 1051 3739 tt
1072 3683 1204 3751 morellii

128 3766 252 3889 ¹3:32
305 3839 337 3889 26
351 3851 412 3890 auro
426 3838 550 3888 lleinsius
601 3840 633 3891 28
646 3787 801 3905 la⁸ecertisll
858 3843 889 3893 30
903 3839 1160 3906 imposituscalamns
1177 3834 1205 3889 2¹

130 3904 242 3971 impositi
262 3903 353 3955 calami
372 3900 405 3955 2²
457 3906 585 3974 impositis
604 3906 709 3959 calamis
725 3926 739 3958 a
