2692 4230
138 108 178 170 78
595 116 748 172 mulus.

136 285 185 347 dat
206 286 269 361 tibi,
292 308 349 369 qua
371 289 469 370 possis
489 287 624 348 defossos
645 303 780 365 promere
801 290 906 352 vultus.

137 389 193 433 nec
214 381 247 433 tu
270 373 326 435 iam
349 383 467 454 poteras
486 381 626 430 enectum
649 371 778 449 pondere
799 382 893 437 terrae

135 456 248 529 tollere,
272 461 410 539 nympha,
433 463 522 535 eaput
544 471 713 535 corpusque
734 459 884 536 exsangue
903 461 1027 522 iacebas.

137 540 178 601 nil
201 541 251 602 illo
275 543 369 604 lertur
391 539 543 600 volucrum
565 539 731 601 moderator
753 558 896 618 equorum
1027 551 1030 560 '

134 636 203 706 post
224 626 441 688 Phaethonteos
460 623 569 684 vidisse
589 623 738 686 dolentius
758 623 850 703 ignes.

135 710 185 771 ille
208 711 325 791 quidem
349 708 462 788 gelidos
483 707 632 770 radiorum
653 709 763 771 viribus
784 720 865 771 artus

135 795 160 856 si
183 804 271 875 queat
293 796 322 855 in
346 794 441 853 rivum
464 801 587 872 temptat
609 813 745 856 rerocare
767 793 909 856 calorem:

135 880 186 940 sed
209 879 347 960 quoniam
371 876 460 939 tantis
480 877 575 939 latum
597 880 752 941 conatibus
773 877 878 951 obstat,

134 974 253 1025 nectare
276 962 397 1022 odorato
419 963 527 1042 sparsit
547 980 717 1046 corpusque
737 964 904 1044 locumque,

132 1047 283 1126 multaque
305 1056 499 1126 praequestus
521 1059 646 1130 „tanges
666 1061 764 1113 tamen
786 1051 923 1112 aethera“
945 1049 1027 1110 dixit.

134 1133 272 1212 protinus
295 1130 439 1192 imbutum
462 1134 581 1196 caelesti
604 1146 723 1198 nectare
744 1154 852 1216 corpus

134 1215 255 1276 delicuit
277 1225 443 1298 terramque
464 1237 519 1281 suo
541 1221 695 1282 madefecit
716 1222 821 1282 odore:

133 1301 272 1380 virgaque
294 1320 348 1382 per
369 1302 486 1382 glaebas
506 1305 617 1366 sensim
639 1305 787 1367 radicibus
807 1306 879 1367 actis

132 1396 214 1447 turea
238 1387 364 1448 surrexit
385 1388 594 1470 tumulumque
614 1391 767 1452 cacumine
788 1391 877 1471 rupit.

216 1473 255 1532 dt
277 1471 401 1552 Clytien,
424 1475 557 1555 quamvis
577 1493 661 1536 amor
682 1494 821 1536 excusare
842 1475 984 1546 dolorem,

132 1555 333 1638 indiciumque
355 1557 441 1618 dolor
463 1569 586 1638 poterat,
610 1577 670 1619 nnn
693 1559 817 1640 amplius
838 1569 941 1620 auctor

130 1639 205 1703 lucis
226 1643 285 1704 adit
307 1642 488 1721 Venerisque
510 1642 631 1703 modum
653 1642 709 1703 sibi
731 1643 799 1703 lecit
821 1645 850 1704 in
873 1643 932 1704 illa.

131 1727 224 1788 tabuit
246 1746 280 1787 ex
303 1725 352 1786 illo
375 1726 528 1786 dementer
549 1726 699 1787 amoribus
719 1746 781 1799 usa,

131 1812 325 1892 nympharum
349 1811 506 1890 inpatiens,
530 1823 558 1872 et
581 1812 636 1872 sub
658 1812 725 1873 lore
747 1821 833 1872 nocte
854 1810 961 1890 dieque

129 1896 204 1956 sedit
226 1896 315 1957 humo
340 1897 428 1970 nuda,
451 1896 539 1957 nudis
560 1897 712 1976 incompta
734 1895 856 1976 capillis,

130 1998 242 2060 perque
265 1999 368 2041 norem
392 1980 473 2042 luces
494 1999 600 2061 expers
622 1983 776 2061 undaeque
797 1979 914 2059 cibique

130 2082 197 2126 rore
219 2084 301 2126 mero
323 2064 510 2146 lacrimisque
531 2067 593 2127 suis
615 2067 722 2128 ieiunia
744 2067 821 2145 pavit

88 2203 91 2208 .
132 2169 187 2211 nec
209 2169 241 2211 se
262 2152 353 2211 movit
374 2153 484 2212 humo:
507 2161 622 2213 tantum
646 2153 794 2232 spectabat
816 2149 914 2210 euntis

131 2253 182 2296 ora
205 2235 252 2296 dei
274 2236 431 2316 vultusque
452 2255 523 2297 suos
547 2236 682 2298 llectebat
702 2236 738 2298 ad
761 2236 852 2296 illum.

131 2319 262 2381 membra
284 2321 384 2382 lerunt
405 2321 534 2382 haesisse
555 2322 631 2393 solo,
654 2331 824 2402 partemque
846 2318 955 2380 coloris

130 2405 244 2466 luridus
267 2424 429 2484 exsangues
452 2406 546 2486 pallor
569 2408 713 2468 convertit
734 2407 764 2466 in
787 2404 906 2476 herbas3

131 2499 173 2552 est
197 2490 226 2551 in
250 2501 333 2570 parte
355 2491 457 2563 rubor,
480 2491 632 2571 violaeque
653 2491 819 2552 simillimus
840 2507 890 2549 ora

130 2577 185 2636 llos
207 2576 287 2654 tegit.
332 2576 380 2636 illa
403 2594 499 2649 suum,
521 2577 654 2656 quamvis
675 2577 771 2638 radice
793 2585 917 2643 tenetur,

112 2661 252 2722 vvertitur
274 2661 309 2721 ad
331 2660 441 2735 Solem,
464 2672 634 2741 mutataque
656 2671 750 2722 servat
769 2652 916 2722 amorem?

214 2745 341 2819 Dixerat,
365 2756 394 2806 et
415 2747 523 2807 lactum
546 2745 679 2807 mirabile
700 2754 817 2826 ceperat
837 2763 932 2806 aures.

130 2849 199 2911 pars
220 2830 283 2891 lieri
307 2832 439 2911 potuisse
462 2843 580 2910 negant,
603 2850 671 2912 pars
692 2831 789 2892 omnia
810 2848 894 2890 veros

131 2934 218 2996 posse
239 2917 310 2977 deos
333 2926 513 2977 memorant:
537 2917 587 2977 sed
611 2935 671 2977 non
695 2925 738 2978 est
758 2916 891 2976 Bacchus
913 2914 942 2973 in
967 2911 1032 2972 illis.

197 3102 247 3153 242
264 3105 304 3153 rie
320 3100 363 3152 Μ1
411 3117 462 3168 quo
480 3100 544 3156 bl²r
596 3103 646 3152 243
663 3106 773 3152 erectum
791 3097 833 3150 Μ’
854 3029 995 3148 qurgcqtqqqa
1006 3112 1020 3145 a
1071 3097 1121 3146 246
1139 3094 1202 3160 phe·

130 3175 233 3220 tonteos
250 3167 275 3219 Μ
312 3165 526 3234 phetontiadosl
562 3169 771 3234 phelonitheosa
822 3169 870 3219 265
890 3164 990 3231 gelidos
1008 3167 1033 3228 (o
1052 3180 1088 3213 ea:
1104 3162 1113 3212 i
1131 3179 1148 3212 a
1164 3177 1201 3215 m.

128 3235 230 3300 ree.)hl
278 3238 327 3288 249
347 3237 426 3288 latum
446 3237 555 3316 tantise
602 3240 651 3289 256
669 3237 773 3289 odorato
788 3252 823 3285 eu·
834 3234 873 3286 nd.
886 3233 911 3284 Μ
958 3236 1005 3286 251
1020 3236 1080 3299 post
1093 3233 1200 3297 questus

129 3367 146 3423 λ
183 3374 339 3439 pquestnsa
391 3375 440 3425 253
459 3303 563 3425 delliibil
579 3371 604 3423 Μ
650 3368 783 3423 delituitl
828 3369 926 3422 dilicuit
941 3370 1097 3420 Priscianus
1148 3367 1199 3416 255

129 3444 201 3491 turea
219 3455 253 3489 eac
271 3453 346 3491 aurea
364 3438 389 3490 Μ
461 3443 510 3494 256
530 3440 625 3492 clitlem
643 3439 668 3490 Μ
733 3442 782 3493 258
800 3440 901 3491 illame
969 3440 1019 3490 266
1038 3434 1199 3501 nimpbarum

121 3510 237 3560 latiens
254 3506 279 3558 Μ
309 3507 336 3570 (r‘
354 3524 371 3558 a
390 3509 495 3564 m.3te
529 3509 688 3575 nimpbarum
707 3505 841 3575 paciensl
874 3505 1015 3558 nimborum
1028 3503 1129 3571 patiens
1141 3501 1199 3552 eod.

128 3524 346 3628 budohemianus
357 3577 460 3627 Heinsir'
468 3579 545 3644 prob.
559 3577 669 3643 Bentley
703 3576 814 3643 nympha
832 3589 936 3674 opequnr
948 3573 1075 3692 iqpaqqus
1089 3569 1200 3634 Madv&

129 3712 240 3780 nympha
258 3727 347 3778 parum
364 3714 465 3780 patiens
483 3715 552 3765 coni.
570 3711 687 3764 Merkel²
755 3715 804 3765 263
825 3660 882 3764 meb
899 3708 925 3803 Μ
978 3658 1084 3776 pbscita
1147 3708 1199 3758 264

38 3892 42 3899 -
128 3861 289 3930 spectavitl
322 3865 441 3918 euntilbl
484 3869 534 3920 265
547 3867 588 3920 dei
598 3867 632 3933 (ei
644 3868 663 3917 ί.
674 3863 745 3928 nihl
788 3796 942 3918 mquqqsl
956 3861 982 3913 Μ
1027 3863 1077 3914 ata
1096 3853 1199 3913 etuw
