2692 4230
146 109 188 171 76
608 120 760 176 ΜΕΤΑΜΜ.
818 136 884 173 unns
900 135 933 171 nr
950 133 1036 171 renus.
1067 134 1214 173 nrueorncn

144 298 175 350 et
195 307 281 353 mens
303 303 333 354 et
354 294 434 373 quod
455 311 532 373 opus
553 290 668 351 fabrilis
688 292 787 353 dextra
809 293 926 356 tenebat
1170 303 1213 353 1⁵15

144 374 259 438 excidit.
303 377 451 458 extemplo
472 374 597 454 graciles
619 391 655 434 ex
675 392 744 435 aere
763 388 880 440 caunas

142 460 278 541 retiaque
298 472 329 522 et
350 460 481 541 laqueos,
502 476 579 537 quae
600 456 711 519 lumina
732 459 832 523 tallere
852 473 982 543 possent,

141 544 257 608 elimat:
281 565 342 607 non
364 544 436 606 illud
458 559 535 622 opus
557 541 728 604 tenuissima
748 543 865 606 vincant

142 631 276 704 stamina,
299 648 360 691 non
383 644 498 690 summo
521 644 597 706 quae
619 629 727 707 pendet
747 645 851 690 aranea
872 631 963 711 tigno.

141 726 233 795 utque
254 714 333 776 leves
355 723 449 774 tactus
469 722 677 791 momentaque
699 729 784 791 parva
806 728 965 792 sequantur

141 800 241 873 elficit,
264 810 293 860 et
314 798 390 858 lecto
413 793 591 856 circumdata
613 795 738 856 collocat
757 805 834 875 apte.

141 895 174 945 ut
197 901 302 944 venere
324 892 423 942 torum
445 879 576 940 coniunx
598 888 628 940 et
648 878 761 940 adulter
782 880 813 940 in
836 899 937 953 unum,

139 979 202 1029 crte
224 967 277 1027 viri
299 964 464 1043 vinclisque
485 982 560 1024 nora
581 963 694 1025 ratione
714 964 821 1045 paratis

139 1053 172 1112 in
194 1049 299 1111 mediis
320 1047 406 1111 ambo
428 1048 567 1128 deprensi
589 1048 770 1130 amplexibus
791 1050 920 1110 haerent.

139 1135 283 1195 Lemnius
304 1132 450 1213 extemplo
472 1133 569 1195 valvas
590 1134 726 1215 patefecit
747 1134 873 1197 eburnas

138 1218 316 1297 admisitque
337 1219 424 1280 deos:
447 1218 490 1280 illi
511 1219 628 1282 iacuere
648 1219 728 1300 ligati

138 1303 280 1398 turpiter;
303 1313 392 1401 atque
413 1303 523 1403 aliquis
542 1306 579 1367 de
599 1306 645 1367 dis
665 1323 727 1367 non
749 1305 880 1368 tristibus
901 1313 985 1384 optat

137 1386 266 1448 sicheri
290 1389 400 1486 turpis·
423 1391 525 1472 superi
547 1391 650 1465 risere,
672 1391 782 1471 dinque

137 1471 211 1534 haec
232 1472 318 1534 luit
310 1494 342 1536 ιιι
366 1485 428 1536 ιοῑο
451 1475 606 1538 notissima
629 1474 726 1537 sabula
747 1476 837 1536 caelo.

137 1557 227 1637 exigit
248 1559 349 1621 indicii
372 1578 534 1623 memorem
556 1559 709 1639 Cytheren
731 1577 856 1640 poenam

136 1641 229 1724 inque
250 1644 329 1705 vices
351 1644 444 1718 illum,
468 1653 561 1705 tectos
583 1643 634 1724 qui
655 1643 738 1704 laesit
758 1662 881 1716 amores,

136 1725 225 1789 laedit
245 1747 348 1790 amore
370 1728 443 1809 pari.
487 1727 558 1807 qnid
581 1745 673 1802 nunc,
694 1727 863 1807 Hyperione
886 1737 962 1798 nate,

135 1811 229 1873 iorma
251 1811 395 1907 colorque
416 1811 468 1872 tibi
490 1811 659 1890 radiataque
680 1812 791 1872 lumina
813 1809 959 1890 prosunt?

135 1915 260 1992 nempe
267 1896 326 1957 tuis
348 1914 452 1957 omnes
474 1895 524 1992 qui
547 1905 640 1957 terras
662 1895 780 1975 ignibus
802 1895 872 1966 uris,

135 1981 230 2042 ureris
252 1981 321 2058 igne
344 1999 436 2055 novo;
460 1981 571 2077 quique
592 1981 690 2042 omnia
712 1998 832 2042 cernere
853 1978 952 2052 debes,

134 2063 326 2126 Leucothoen
349 2077 464 2146 spectas
487 2076 516 2127 et
537 2065 649 2145 virgine
669 2065 764 2145 figis
755 2083 787 2125 ιιι
810 2083 867 2124 una

135 2168 211 2230 quos
232 2151 345 2212 mundo
368 2150 457 2212 debes
479 2151 590 2212 oculos.
633 2151 720 2212 modo
743 2149 839 2228 surgis
861 2166 914 2209 eoo

134 2235 296 2316 temperius
318 2235 411 2308 caelo,
434 2237 522 2298 modo
544 2236 640 2297 serius
661 2235 767 2296 incidis
788 2233 884 2308 undis,

133 2320 347 2400 spectandique
368 2339 451 2381 mora
472 2318 619 2382 brumales
641 2320 767 2400 porrigis
788 2319 890 2380 horas:

133 2404 234 2466 deficis
256 2405 415 2479 interdum,
438 2405 599 2484 vitiumque
619 2405 650 2466 in
673 2405 782 2467 lumina
804 2404 910 2465 mentis

133 2490 248 2562 transit,
271 2500 300 2551 et
321 2491 467 2550 obscurus
488 2489 621 2552 mortalia
643 2503 763 2570 pectora
784 2499 884 2550 terres.

132 2593 189 2635 nec
212 2574 266 2636 tibi
288 2576 369 2655 quod
390 2573 478 2636 lunae
500 2575 586 2637 terris
609 2575 756 2654 propioris
777 2575 872 2651 imago

132 2659 288 2733 obstiterit,
312 2660 423 2740 palles:
446 2661 516 2721 iacit
537 2662 618 2722 hune
640 2677 722 2722 amor
745 2660 800 2721 iste
821 2659 959 2720 colorem.

130 2743 229 2824 diligis
252 2745 329 2807 hanc
351 2763 456 2819 unam;
481 2764 536 2806 nec
557 2754 587 2806 te
608 2743 805 2824 Clymeneque
828 2743 1004 2823 Rhodosque

131 2848 187 2891 nec
210 2840 291 2891 tenet
312 2833 424 2891 Aeaeae
445 2830 578 2908 genetrix
601 2830 798 2926 pulcherrima
819 2827 927 2900 Circes,
1160 2835 1204 2886 tut

130 2933 267 2996 quaeque
289 2927 356 2977 tuos
378 2914 470 2995 Clytie
492 2916 625 2995 quamvis
646 2916 783 2996 despecta
804 2913 920 2994 petebat

201 3039 346 3134 11οᾳ-
312 3059 504 3131 -possinti
555 3064 691 3117 llumins
681 3063 826 3199 Mrrpt¹s⁷¹⁹
849 3065 1033 3128 sra(eco)nes
1061 3062 1149 3132 tingue
1175 3065 1201 3117 Μ

134 3204 180 3254 100
198 3191 295 3266 estque
313 3166 388 3252 lebes
405 3198 431 3250 Μ
462 3216 532 3252 corr.
544 3202 609 3250 nab
663 3202 708 3252 181
736 3206 790 3252 arte
815 3197 841 3251 Μ
875 3195 961 3251 artei
1015 3201 1062 3250 182
1081 3202 1119 3262 ut]
1136 3198 1200 3252 etbl

132 3338 179 3390 186
197 3276 208 3387 i
224 3276 371 3403 rirffnisitque
388 3335 414 3387 Μ
463 3338 510 3389 190
528 3331 683 3386 cithareisl
732 3337 823 3402 istm
832 3334 910 3387 laedit
927 3336 1020 3397 llam.
1033 3339 1058 3400 t)
1075 3336 1101 3388 Μ
1152 3339 1199 3389 193

128 3466 284 3541 calorque).
318 3403 468 3539 radidtzlqbie·
483 3470 509 3523 Μ
563 3472 611 3523 194
628 3470 711 3522 omnis
728 3466 759 3521 2¹
813 3472 859 3523 198
879 3473 964 3537 temp]
978 3469 1199 3538 temporibuslll¹,
1288 3517 1291 3521 .

128 3609 276 3672 coronel,
293 3607 445 3658 retardetur
501 3609 546 3659 199
564 3622 615 3673 que
633 3605 725 3658 om.bl
777 3608 823 3659 201
844 3605 943 3658 obscuri
961 3607 990 3656 ι’
1041 3510 1199 3674 lcorchroara‘

127 3745 178 3797 209
196 3740 352 3808 obsistit—
370 3757 441 3794 arnor
458 3742 545 3807 ipses
613 3743 664 3794 204
686 3741 751 3859 han
774 3740 924 3861 sothntnec
944 3757 991 3795 nec
1009 3741 1078 3796 Cle
1147 3745 1197 3794 200

765 3824 856 3876 pers

127 3879 214 3932 &eene
232 3876 259 3929 Μ
294 3873 375 3930 eoei
426 3879 475 3930 106
494 3871 680 3945 quemquami
730 3876 833 3929 tenebat
866 3896 879 3928 ι
