2692 4230
133 191 252 233 mensos.
281 193 405 233 conranni
567 175 620 242 ΧΠ,
640 177 781 230 tao-nat.
1145 176 1206 237 265

133 349 335 415 Tbessalidnm
356 350 439 428 virgo
462 346 659 428 pulcherrima
681 367 794 431 perque
816 347 999 430 propinquas
1166 359 1210 412 tuo

133 456 244 518 perque
266 447 332 500 tuas
353 434 444 496 urbas
466 431 532 507 (tibi
555 434 633 497 enim
656 435 817 516 popularis,
839 432 975 508 Achille)

133 523 295 585 multorum
317 522 425 582 trustra
447 518 522 580 votis
543 527 643 602 optata
664 536 833 601 procorum.

132 615 301 689 temptasset
323 603 429 666 Peleus
449 602 593 667 thalamos
615 621 733 685 quoque
755 605 878 666 forsitan
901 602 981 666 illos:

132 693 182 753 sed
205 693 263 753 iam
285 697 336 751 aut
357 687 542 768 contigerant
563 688 606 750 illi
629 686 756 749 conubia
778 688 890 763 matris,

132 787 183 838 ant
203 778 321 837 inerant
342 772 495 854 promissa,
517 785 594 836 tuae.
639 789 695 833 nec
717 769 822 832 Caenis
843 771 875 831 in
897 771 973 834 ullos

131 859 271 940 denupsit
293 858 445 921 thalamos.
488 866 659 937 secretaque
679 853 766 917 litora
788 873 914 936 carpens

132 942 270 1024 aequorei
293 943 349 1006 vim
372 963 457 1025 passa
479 943 526 1004 dei
548 950 607 1003 est:
631 940 670 1002 ita
692 942 768 1003 lama
790 939 913 1003 serebat.

131 1037 223 1108 utque
246 1047 337 1092 novae
359 1028 482 1090 Veneris
502 1025 660 1106 Neptunus
681 1026 784 1105 gaudia
807 1026 896 1107 cepit,

133 1113 213 1187 „sint
236 1125 284 1176 tua
305 1123 373 1176 vota
394 1113 483 1174 licct“
507 1110 579 1173 dixit
601 1129 724 1188 „secura
746 1110 898 1190 repulsae:

133 1197 217 1276 elige,
240 1199 311 1281 quid
332 1200 467 1259 voveas.“
513 1197 614 1259 eadem
636 1197 694 1258 boc
715 1213 835 1277 quoque
858 1195 933 1256 lama
956 1194 1076 1257 terebat.

134 1286 314 1362 „magnum“
339 1282 445 1345 Caenis
467 1281 508 1344 ait
530 1282 622 1359 „iacit
641 1282 715 1343 haec
737 1281 843 1343 iniuria
864 1293 975 1355 votum,

132 1368 189 1430 tale
211 1368 272 1448 pati
294 1367 335 1430 nil
358 1385 456 1449 posse,
479 1366 561 1427 mihi.
606 1367 652 1440 da,
675 1366 782 1427 lomina
806 1366 937 1427 nasim:

133 1453 231 1514 omnia
254 1451 463 1533 praestiteris.“
508 1450 643 1530 graviore
665 1450 822 1511 norissima
845 1450 918 1512 dixit

130 1536 216 1599 verba
240 1555 325 1612 sono,
348 1542 521 1617 poteratque
543 1535 597 1598 riri
619 1553 674 1595 vox
696 1534 746 1595 illa
767 1534 869 1608 videri,

131 1622 208 1683 sicut
229 1630 300 1683 erat.
345 1639 414 1682 narn
435 1619 494 1682 iam
515 1628 584 1682 roto
605 1619 678 1682 deus
700 1619 837 1701 aequoris
859 1618 910 1681 alti

131 1706 274 1768 adnuerat
294 1705 472 1786 dederatque
495 1723 596 1785 super,
619 1724 657 1767 ne
678 1705 795 1766 saucius
817 1703 887 1767 ullis

130 1790 302 1853 vulneribus
324 1791 387 1852 deri
409 1790 524 1851 lerrove
547 1788 722 1851 occumbere
744 1797 853 1870 posset.

130 1893 253 1937 munere
275 1875 369 1937 laetus
390 1874 451 1936 abit
472 1873 636 1956 studiisque
656 1873 789 1937 virilibus
809 1892 914 1936 aevum

131 1961 220 2039 exigit
242 1960 394 2021 Atracides
414 1959 583 2040 Peneiaque
604 1977 670 2021 arra
694 1969 835 2040 pererrat

215 2044 345 2106 Duxerat
366 2043 573 2125 Hippodamen
596 2044 698 2106 audaci
720 2043 822 2105 lxiona
844 2053 932 2105 natus

131 2128 354 2209 nubigenasque
376 2130 456 2189 leros
479 2129 584 2209 positis
606 2147 641 2190 ex
664 2128 768 2189 ordine
789 2129 901 2190 mensis

130 2213 286 2275 arboribus
307 2222 384 2275 tecto
407 2212 594 2275 discumbere
616 2214 740 2275 iusserat
761 2222 857 2275 antro.

131 2297 286 2359 Haemonii
308 2316 447 2379 proceres
470 2299 602 2372 aderant,
624 2299 777 2361 aderamus
798 2309 827 2360 et
848 2297 917 2379 ipsi,

130 2385 262 2464 festaque
284 2382 408 2445 confusa
430 2383 587 2445 resonabat
607 2383 687 2463 regia
710 2382 804 2444 turba.

130 2486 199 2530 ecce
221 2477 332 2530 canunt
353 2467 545 2548 Hymenaeon
568 2477 598 2530 et
619 2467 739 2546 ignibus
759 2468 831 2529 atria
853 2468 977 2541 fumant,

131 2553 287 2635 cinctaque
308 2552 391 2614 adest
414 2553 494 2632 virgo
516 2562 643 2615 matrum
666 2570 857 2634 nuruumque
879 2562 1002 2623 caterva,

131 2639 294 2719 praesignis
316 2637 398 2699 lacic.
444 2637 559 2699 felicem
581 2639 708 2699 diximus
730 2637 778 2698 illa

130 2724 257 2802 coniuge
279 2722 460 2784 Pirithoum:
484 2723 563 2801 quod
586 2741 680 2804 paene
703 2720 861 2783 lelellimus
883 2738 980 2782 omen.

131 2827 197 2869 nam
221 2807 285 2882 tibi,
308 2824 461 2870 saevorum
483 2808 649 2869 saevissime
671 2807 897 2879 Centaurorum,

129 2893 251 2972 Euryto,
275 2910 362 2972 quam
385 2893 453 2953 tino
475 2904 580 2973 pectus
601 2902 659 2954 tam
682 2892 794 2971 virgine
815 2893 875 2953 visa

130 2980 221 3050 ardet,
245 2989 273 3038 et
296 2976 422 3038 ebrietas
444 2978 590 3055 geminata
612 2977 735 3039 libidine
757 2989 870 3055 regnat.

131 3063 267 3143 protinus
290 3080 405 3123 eversae
427 3061 548 3123 turbant
570 3063 701 3124 convivia
724 3079 853 3134 mensae,

129 3158 320 3229 raptaturque
343 3146 436 3208 comis
459 3147 591 3226 pervim
615 3166 689 3208 nova
713 3156 805 3227 nupta
829 3146 994 3227 prehensis.

129 3232 258 3312 Eurytus
279 3231 497 3312 liippodamen,
519 3233 579 3306 alii,
602 3250 688 3313 quarn
713 3233 839 3312 quisque
861 3230 1027 3312 probabant

201 3367 244 3417 191
265 3360 416 3432 nobillethl
488 3368 534 3419 192
558 3365 747 3432 multorumque
770 3364 818 3416 luit
841 3380 902 3462 spes
921 3363 1047 3415 invidiosa
1072 3377 1207 3430 procorum

129 3500 177 3561 (ol.
195 3498 234 3551 m·
248 3498 337 3564 10)}l
401 3503 448 3553 191
466 3499 655 3567 contillgerant
674 3499 699 3552 bl
762 3504 809 3554 195
827 3459 958 3552 inlllosll
1021 3500 1208 3552 tantunaco

129 3571 157 3618 in
175 3564 296 3633 morgi
352 3570 397 3621 199
415 3569 521 3636 coepitr
594 3572 641 3623 199
659 3568 741 3634 sintlll
758 3571 885 3636 (qm-os.)
902 3567 927 3619 ll
980 3569 1029 3620 299
1048 3566 1119 3633 quid]
1137 3565 1208 3634 quod

129 3633 153 3686 bl
217 3638 268 3688 292
287 3634 339 3703 pati
359 3637 409 3688 iarn
428 3652 503 3703 posse
522 3636 600 3689 nichil
619 3655 634 3693 r
703 3639 753 3690 295
772 3637 890 3696 antistis
909 3651 974 3686 σεο
994 3635 1064 3686 velo
1083 3637 1164 3697 corr.)
1181 3632 1207 3684 bl

129 3705 177 3756 297
197 3701 251 3756 lleri
270 3699 352 3755 ocul
405 3704 554 3784 ferroquee
606 3707 655 3758 299
675 3706 810 3773 teneiaque
826 3703 851 3756 ll
922 3718 1105 3771 pocnyaquea
1158 3704 1207 3754 219

129 3767 300 3838 ipodomcnl.
360 3775 406 3825 211
429 3772 617 3841 nubigerasque
636 3769 740 3825 ieroxl
801 3775 850 3826 219
870 3769 1030 3861 1991019191
1087 3773 1138 3823 216
1155 3785 1208 3822 rna·

129 3905 283 4025 lllffiulqc
311 3906 538 4028 nnllmllqu‘tll
608 3909 757 4029 lgdbpffinq
775 3906 800 3958 bl
871 3910 923 3961 229
941 3855 1084 3968 lblllsmn
1097 3903 1226 3961 murz-X

233 4012 241 4023 .
396 3991 501 4028 urrusr
572 3992 736 4046 prona.
