2692 4230
137 135 236 174 annexu
254 138 286 174 nn
303 138 446 176 rainonem
574 119 615 185 Vl,
632 122 777 174 560-624·
1151 123 1211 183 133

138 293 255 356 concita
276 315 331 377 per
353 294 437 356 silvas
460 289 545 352 turba
568 291 726 354 comitante
747 310 866 354 suarum

137 379 279 441 terribilis
301 380 418 456 Progne
440 375 584 456 furiisque
605 378 711 458 agitata
732 377 851 454 doloris,
1168 390 1212 440 595

138 462 263 537 Bacche,
287 473 350 524 tuas
372 459 500 523 simulat
543 463 625 524 venit
645 463 680 524 ad
703 460 816 525 stabula
838 462 899 524 aria
926 462 1042 525 tandem

137 549 327 627 exululatque
349 546 503 626 euhoeque
525 556 612 611 sonat
633 556 796 645 portasque
814 547 950 626 refringit

137 649 366 713 germanamque
388 632 480 715 rapit;
504 643 666 714 raptaeque
688 630 815 710 insignia
837 632 943 694 Bacchi

136 718 234 780 induit
257 724 286 775 et
307 714 406 777 uultus
428 681 602 780 hederarum
625 715 780 777 frondibus
800 715 880 779 abdit

137 800 356 897 attonitamque
374 803 496 865 trahens
517 803 595 864 intra
618 819 670 861 sua
694 801 809 862 moenia
831 802 921 863 ducit

135 895 170 948 ut
191 883 283 945 sensit
305 885 436 964 tetigisse
457 889 579 949 domum
601 882 761 947 Philomela
783 886 948 960 nefandam,

137 968 253 1030 horruit
276 968 377 1032 infelix
399 982 523 1052 totoque
545 969 685 1050 expalluit
706 988 767 1031 ore.

136 1062 222 1114 nacta
243 1053 342 1117 locum
365 1056 482 1135 Progne
504 1073 656 1117 sacrorum
678 1054 801 1136 pignora
824 1056 914 1117 demit

135 1155 246 1219 oraque
268 1140 380 1202 develat
402 1141 526 1202 miserae
547 1140 719 1222 pudibunda
744 1141 855 1202 sororis

135 1223 334 1305 amplexuque
356 1226 438 1306 petit.
482 1227 534 1288 sed
557 1245 619 1286 non
639 1223 773 1287 attollere
794 1235 897 1287 contra

135 1309 263 1371 sustinet
284 1312 356 1372 haec
378 1310 489 1388 oculos,
513 1309 601 1391 pelex
622 1310 677 1371 sibi
700 1309 759 1370 visa
781 1309 899 1384 sororis,

135 1394 310 1475 deiectoque
331 1395 362 1456 in
384 1396 509 1456 humum
531 1393 614 1455 vultu
636 1395 733 1456 iurare
753 1393 862 1455 volenti

135 1480 296 1559 testarique
317 1480 399 1552 deos,
422 1479 554 1560 pervim
577 1478 633 1540 sibi
655 1478 782 1541 dedecus
803 1478 876 1541 illud

134 1563 259 1633 illatum,
279 1582 336 1660 pro
361 1581 431 1625 voce
452 1582 559 1626 manus
581 1563 646 1626 ruia
690 1563 773 1626 ardet
794 1573 823 1626 et
844 1564 916 1624 iram

135 1666 197 1708 non
221 1647 300 1727 capit
319 1647 384 1750 ipsa
407 1668 490 1711 suam
512 1649 647 1729 Progne;
670 1650 847 1752 fletumque
853 1649 963 1710 sororis

133 1731 301 1812 corripiens
319 1725 393 1794 ‘non
417 1745 461 1795 est
482 1734 612 1795 lacrimis
633 1725 697 1795 hoc'
723 1735 820 1831 iuquit
837 1725 1006 1813 ‘agendum

134 1815 186 1876 sed
208 1817 298 1914 ferro,
321 1819 371 1878 sed
395 1818 418 1878 si
442 1818 513 1898 quid
536 1818 637 1894 habes,
659 1818 738 1899 quod
763 1819 879 1881 vincere
900 1819 1011 1880 ferrum

133 1901 238 1981 possit.
283 1903 314 1963 in
338 1921 427 1965 omne
451 1903 533 1965 nefas
556 1922 611 1983 ego
633 1921 692 1977 me,
713 1922 862 1984 germana,
884 1903 991 1985 parari.

132 1995 184 2047 aut
206 2004 272 2065 ego,
295 2005 361 2048 cnm
386 1988 498 2049 lacibus
521 1989 630 2068 regalia
651 1997 728 2051 tecta
754 1988 900 2065 cremabo,

132 2071 276 2132 artificem
298 2072 402 2133 mediis
425 2073 570 2134 inmittam
594 2075 686 2136 'Perea
711 2073 845 2146 dammis,
1166 2081 1208 2131 616

133 2165 185 2216 aut
206 2155 337 2235 linguam
359 2167 409 2218 aut
432 2157 536 2219 oculos
559 2168 587 2219 et
609 2177 684 2238 quac
706 2158 757 2220 tihi
779 2156 909 2220 membra
936 2157 1081 2237 pudorem

133 2239 329 2316 abstulerunt,
353 2242 430 2303 ferro
452 2243 565 2324 rapiam
589 2252 640 2306 aut
661 2263 715 2324 per
736 2244 856 2305 vulnera
879 2242 958 2303 mille

132 2334 249 2386 sontem
273 2327 399 2388 animam
423 2328 575 2434 expellam
620 2347 760 2425 magnum
782 2329 991 2409 quodcumque
1015 2325 1129 2408 paravi·

133 2410 204 2490 quid
227 2411 274 2484 sit,
297 2413 393 2473 adhuc
414 2407 537 2474 dubito.³
584 2413 698 2494 peragit
719 2414 789 2474 dum
812 2411 878 2474 talia
901 2411 1027 2490 Progne,

131 2495 168 2556 ad
190 2504 314 2557 matrem
336 2497 471 2559 veniebat
493 2497 563 2578 Itys.
608 2497 679 2578 quid
701 2498 804 2578 possit,
830 2497 866 2558 ah
888 2495 939 2557 illo
1164 2504 1208 2554 616

132 2580 281 2642 admonita
304 2592 361 2643 est.
386 2582 539 2684 oculisque
562 2592 650 2645 tuens
672 2574 854 2644 inmitibus‘
857 2601 873 2643 a
895 2601 982 2663 quam

131 2683 164 2726 ea
186 2664 289 2727 similis
312 2658 402 2748 patri'
427 2668 508 2729 dixit.
553 2687 608 2730 nec
630 2668 716 2749 plura
737 2667 834 2730 locuta

131 2750 215 2811 triste
237 2761 321 2833 parat
343 2753 458 2815 facinus
481 2753 627 2834 tacitaque
650 2761 800 2815 exaestuat
820 2753 872 2814 ira.

130 2844 165 2896 ut
186 2844 284 2897 tamen
308 2839 431 2899 accessit
454 2848 542 2899 natus
564 2837 710 2919 matrique
736 2838 858 2899 salutem

290 2975 306 3032 l
506 2975 521 3033 l

200 3041 249 3088 561
273 3039 404 3104 euhoeque
430 3056 464 3089 ex
489 3039 622 3107 euhaeque
643 3039 668 3090 hl
721 3035 894 3106 euolrequei
946 3037 1117 3103 ehohequee
1168 3051 1207 3087 re·
1236 3116 1238 3121 Ι

131 3190 239 3256 fregife
300 3194 349 3244 599
368 3124 580 3244 Ιιεὰειιιὲἓᾞε
642 3195 691 3246 602
711 3193 827 3244 corruit
822 3191 847 3243 lt
900 3194 949 3244 605
968 3190 1204 3259 amplexumqueh

131 3273 357 3411 amptelxgffiquee
391 3344 562 3411 amplexuque
578 3345 665 3396 Heius
717 3347 767 3398 616
786 3346 944 3412 fletusquee
994 3347 1042 3397 611
1063 3343 1205 3394 hicHeins.

234 3426 245 3458 a

130 3496 180 3547 ota
200 3443 254 3546 ferro
272 3494 297 3546 11
358 3498 408 3548 613
426 3512 473 3562 po
462 3492 550 3547 setf
600 3500 650 3549 614
670 3512 782 3550 cremato
801 3500 834 3548 ei.
851 3498 940 3549 ffee'rar,
1001 3426 1205 3562 616ὶεῦἷη1ἴι1ιιεεί

130 3594 196 3645 quae
209 3579 321 3630 membra
872 3580 901 3632 a

139 3647 187 3697 tibi
210 3648 351 3699 menbrae
407 3655 450 3699 aut
468 3664 534 3716 quae
553 3649 641 3700 Heius.
694 3651 742 3702 617
761 3649 921 3701 abstulerunt
938 3647 964 3699 lt
1016 3642 1206 3700 abstuleranti

130 3798 313 3919 absmlqe'pim'
364 3802 460 3867 rapiam
479 3802 545 3853 ferro
564 3798 580 3853 1
602 3732 758 3869 ηιῖιιίιιιιιε
822 3805 872 3856 616
891 3817 1010 3868 magnum
1029 3806 1099 3853 este
1155 3802 1206 3853 616

130 3882 207 3934 posse
