2692 4230
498 772 635 856 LIBER
661 771 851 858 PRIMUS.

221 969 255 1037 ln
280 997 352 1041 nova
375 981 431 1042 sert
453 978 569 1040 animus
590 987 714 1038 mutatas
738 977 838 1038 dicere
860 978 969 1040 formas

134 1080 275 1144 corpora:
298 1065 339 1138 di,
362 1064 474 1145 coeptis
497 1065 578 1140 (nam
599 1082 650 1124 vos
672 1061 808 1124 mutastis
830 1073 860 1123 et
885 1063 961 1142 ibas)

135 1148 282 1229 adspirate
304 1151 377 1211 meis
399 1148 552 1229 primaque
572 1148 608 1210 ab
638 1147 751 1226 origine
777 1147 881 1209 mundi

134 1234 171 1295 ad
194 1253 258 1296 mea
281 1245 457 1316 perpetuum
478 1233 613 1298 deducite
636 1241 768 1312 tempora
795 1251 925 1293 carmen.

221 1325 297 1380 Ante
319 1337 398 1379 mare
421 1330 451 1379 et
471 1329 564 1380 terras
584 1327 613 1379 et
634 1318 712 1398 quod
736 1317 809 1396 tegit
831 1317 930 1378 omnia
953 1318 1067 1379 caelum
1195 1330 1211 1379 5

136 1422 214 1464 unus
236 1414 298 1463 erat
319 1413 379 1464 toto
404 1414 524 1465 naturae
546 1399 643 1464 vultus
665 1403 695 1462 in
715 1402 799 1474 orbe,

135 1506 223 1566 quem
246 1487 344 1549 dixere
366 1488 476 1565 Chaos;
503 1489 584 1550 rudis
606 1487 809 1567 indigestaque
831 1486 925 1547 moles

136 1590 191 1632 nec
213 1573 372 1653 quicquam
394 1574 451 1634 nisi
480 1574 595 1654 pondus
617 1572 696 1633 iners
717 1580 918 1651 congestaque
940 1572 1044 1633 eodem

135 1674 197 1717 non
219 1657 296 1719 bene
319 1659 485 1719 iunctarum
508 1657 651 1719 discordia
672 1657 785 1719 semina
806 1674 917 1717 rerum.

21 1789 24 1794 .
134 1741 234 1802 nulius
255 1742 351 1823 adhpc
373 1742 484 1803 mundo
513 1740 669 1825 praebebat
695 1741 808 1803 lumina
835 1741 932 1816 Titan,

134 1831 189 1886 n'ec
213 1831 286 1888 nova
309 1828 468 1892 crescendo
491 1827 644 1908 reparabat
664 1845 775 1888 cornua
798 1826 927 1901 Phoebe,

134 1929 190 1972 nec
212 1911 390 1974 circumfuso
414 1912 561 1994 pendebat
587 1913 618 1974 in
640 1922 706 1973 aere
728 1910 815 1973 tellus

134 1997 317 2076 ponderibus
338 1998 441 2059 librata
463 1997 534 2069 suis,
558 2015 613 2058 nec
634 1996 769 2058 bracchia
794 1997 885 2076 longo

87 2150 91 2157 ¹
133 2083 267 2160 margine
289 2095 432 2143 terrarum
458 2091 625 2162 porrexerat
646 2080 837 2162 Amphitrite:

133 2163 225 2244 utque
247 2176 306 2239 aer,
329 2166 415 2228 tellus
437 2167 497 2228 illic
520 2178 549 2228 et
571 2178 680 2248 pontus
700 2178 729 2227 et
750 2167 860 2231 aether.

132 2249 176 2311 sic
198 2263 259 2333 erat
283 2251 427 2314 instabilis
448 2252 544 2326 tenue,
567 2251 704 2314 innabilis
726 2252 816 2322 unda,

132 2334 207 2417 lucis
229 2354 320 2415 egens
341 2348 407 2398 aer:
432 2337 505 2398 nulli
528 2356 581 2399 sua
602 2337 695 2398 forma
718 2335 865 2410 manebat,

132 2416 324 2502 obstabatque
346 2422 411 2482 aliis
430 2421 520 2496 atiud,
541 2420 610 2502 qnia
631 2439 757 2500 corpore
779 2421 810 2482 in
834 2438 895 2481 uno

133 2505 237 2582 frigida
260 2506 431 2587 pugnabant
452 2505 564 2580 calidis,
586 2507 715 2567 umentia
737 2505 833 2580 sicciS,

131 2589 230 2650 mollia
251 2609 318 2652 cum
341 2592 433 2664 duris,
455 2591 522 2653 sine
536 2592 667 2674 pondere
688 2590 824 2652 babentia
848 2590 973 2671 pondus.

217 2674 302 2737 Hanc
323 2677 396 2737 deus
418 2688 447 2737 et
470 2677 575 2737 melior
596 2676 677 2737 litem
701 2687 804 2737 natura
832 2675 958 2736 diremit.

132 2777 200 2820 narn
223 2761 305 2821 caelo
328 2771 419 2822 terras
441 2772 469 2821 et
493 2762 577 2823 terris
598 2760 722 2822 abscidit
743 2761 838 2821 undas

132 2854 162 2904 et
185 2844 327 2924 liquidum
351 2846 446 2926 spisso
468 2847 591 2907 secrevit
612 2846 648 2907 ab
670 2856 737 2907 aere
760 2844 884 2907 caelum.

132 2948 208 3007 quae
230 2941 386 3010 postquam
408 2932 514 2991 evolvit
535 2949 681 3010 caecoque
704 2927 811 2992 exemit
832 2946 946 3001 acervo,

132 3039 335 3049 ——-

200 3096 208 3147 Ι
245 3096 271 3145 Ρ·
289 3112 367 3147 onrou
390 3112 492 3149 risoriis
517 3112 745 3149 nermomnosnos
773 3112 844 3148 arana
859 3111 903 3146 ·r·
917 3111 969 3147 enu
991 3110 1049 3176 suis¹
1070 3109 1207 3177 unanimo-

130 3163 481 3298 th{,·‡“i¹itei¹ah⁰iiii
494 3161 1208 3297 thasitahath?‘ittirefutatam?

1026 3326 1112 3420 idne

130 3442 252 3502 staquea
303 3441 332 3487 tc
351 3437 432 3488 adhuc
451 3443 525 3504 tytan
543 3436 681 3503 praebebat
693 3436 788 3489 lumina
804 3436 931 3488 mundae
979 3440 1006 3488 tl
1027 3437 1163 3502 reparabat
1180 3437 1205 3488 Μ

19 3506 22 3523 ²
133 3508 163 3556 tr
181 3502 375 3571 amphitri{tes
394 3511 471 3564 (aas.
490 3505 596 3555 uidetur
613 3503 681 3569 ‹qht
711 3502 918 3572 amphytridesc
955 3509 985 3556 15
1004 3520 1107 3572 quaque
1126 3508 1205 3570 (dr.)

130 3577 185 3622 erat
202 3577 228 3623 et
247 3571 324 3624 tellus
342 3571 366 3623 Μ
397 3579 425 3622 ut
443 3588 493 3639 qna
512 3580 566 3624 erat
584 3580 610 3624 et
628 3572 704 3624 tellus
723 3592 737 3628 ς
766 3582 846 3640 utque
864 3587 915 3636 aer,
934 3573 1012 3624 teitus
1030 3577 1099 3624 coni.
1116 3575 1206 3640 Haupt

130 3645 209 3706 utque
227 3646 282 3692 erat
300 3647 326 3692 et
345 3647 364 3691 t·
385 3639 467 3690 dlerk.
498 3646 526 3692 ut
546 3655 577 3692 ne
595 3639 643 3692 init
660 3640 736 3692 tetius
754 3641 852 3705 Heius„
876 3640 1014 3707 iunctaque
1036 3648 1109 3693 erant
1127 3642 1205 3695 tetius

130 3706 194 3758 olim
212 3711 321 3759 conieci.
367 3717 393 3760 et
411 3709 500 3761 aether
570 3714 596 3760 et
616 3725 691 3764 aere
728 3713 757 3761 li
779 3707 943 3777 sua{‘iorma
965 3707 990 3759 Μ
1029 3713 1058 3760 19
1072 3709 1202 3778 ca{iidis·

129 3825 155 3877 it
202 3831 235 3879 22
253 3827 309 3880 cedo
328 3835 353 3879 et
372 3825 483 3882 terrast
536 3831 568 3884 23
586 3829 618 3884 ab
636 3778 742 3887 abibgde
759 3830 849 3899 (aethe
867 3834 888 3884 i.
904 3828 987 3897 rhhh
1030 3832 1072 3883 Ἃ
1088 3828 1195 3881 diremit
1212 3847 1228 3876 ι

172 3917 246 3965 orm,
261 3919 350 3964 Metam.
1013 3922 1030 3972 x
