2692 4230
111 167 173 230 322

111 362 178 407 oum
201 363 314 409 memor
335 349 388 410 lras
409 346 501 428 pinus
520 343 609 404 ldaeo
631 343 740 405 vertice
761 363 860 413 caesas

112 438 211 493 sancta
232 431 320 494 deum
342 429 477 510 genetrix
497 425 658 488 tinnitibus
679 436 746 488 aera
769 431 846 508 pulsi
870 429 873 435 ’

110 515 186 577 aeris
208 522 238 578 et
260 515 353 579 inllati
375 509 525 592 conplevit
545 527 699 572 murmure
720 510 801 586 buxi,
864 548 866 553 ·

108 618 222 704 perque
244 600 322 661 leves
342 595 461 658 domitis
482 593 597 656 invecta
619 594 758 657 leonibus
778 614 864 659 auras

122 684 207 746 inrita
229 681 369 760 sacrilega
393 679 484 740 iactos
505 678 643 742 incendia
666 681 776 752 dextra
958 752 960 755 ι

110 763 243 831 Turnel'
267 765 316 827 ait.
356 757 504 843 ‘eripiam
527 782 584 826 nec
604 783 653 826 me
675 764 805 844 patiente
828 767 966 829 cremabit

110 853 188 932 iguis
209 851 281 912 edax
303 865 458 909 nemorum
480 856 582 930 partes
602 859 634 911 ot
653 847 784 911 membra
806 846 959 911 meorum?
997 896 1000 900 .

109 935 241 999 intonuit
263 933 379 994 dicente
400 933 464 1007 deo,
487 933 691 1015 tonitrumque
713 932 806 994 secuti

111 1039 178 1083 cum
200 1017 322 1079 saliente
344 1034 447 1095 graves
468 1018 642 1081 ceciderunt
663 1017 807 1099 grandine
828 1016 931 1092 nimbi,

110 1115 235 1183 aeraque
257 1111 287 1163 et
307 1101 452 1163 tumidum
473 1101 581 1164 subitis
603 1101 799 1166 concursibus
819 1119 931 1182 aequor

110 1185 222 1248 Astraei
245 1186 365 1247 turbant
386 1193 416 1248 et
437 1195 510 1248 eunt
531 1186 563 1249 in
586 1188 700 1269 proelia
721 1188 835 1249 iratres

112 1290 128 1332 e
149 1270 256 1352 quibus
277 1270 351 1332 alma
374 1289 483 1351 parens
504 1271 596 1334 unius
615 1272 729 1335 viribus
750 1290 802 1334 usa

89 1364 232 1439 ‚stuppea
255 1355 406 1437 praerupit
427 1355 574 1437 Phrygiae
594 1357 759 1420 retinacula
784 1355 885 1418 classis

110 1439 224 1519 fertque
245 1449 323 1502 rates
342 1459 454 1521 pronas
474 1441 634 1523 medioque
655 1442 711 1504 sub
732 1459 862 1523 aequore
882 1439 996 1520 mergit

109 1524 217 1587 robore
238 1525 352 1587 mollito
374 1526 519 1606 lignoque
539 1526 571 1588 in
594 1544 720 1607 corpora
743 1544 828 1588 verso

109 1609 139 1671 in
162 1610 291 1691 capitum
313 1610 401 1672 iacies
422 1627 541 1690 puppes
562 1619 716 1671 mutantur
736 1609 878 1686 aduncae,

110 1694 140 1757 iu
163 1694 269 1773 digitos
292 1692 402 1755 mount
423 1704 453 1754 et
475 1711 562 1755 crura
584 1693 715 1755 natantia
737 1693 821 1766 remi,

110 1779 248 1860 quodque
270 1778 353 1838 sinus
374 1778 479 1853 luerat,
501 1776 580 1839 latus
601 1786 657 1853 est,
678 1776 842 1857 mediisque
864 1777 961 1839 carim

110 1863 222 1925 subdita
246 1861 367 1942 navigiis
388 1862 493 1944 spinae
514 1870 646 1925 mutatur
666 1863 698 1923 in
723 1879 820 1935 usum,

110 1946 168 2008 lina
191 1964 293 2008 comae
314 1945 427 2020 molles,
449 1956 607 2009 antemnae
628 1946 766 2008 bracchia
787 1947 872 2007 dunt.

110 2030 253 2106 caerulus,
275 2039 308 2092 ut
330 2031 435 2105 luerat,
456 2030 542 2093 color
562 2041 624 2106 est3
649 2049 781 2112 quasque
801 2040 871 2092 ante
891 2028 1043 2105 timebant,
1154 2039 1165 2052 ·

110 2115 173 2177 illas
193 2115 332 2195 virgineis
353 2126 493 2178 exercent
514 2116 630 2177 lusibus
652 2116 748 2177 undas

111 2201 210 2262 naides
232 2218 403 2280 aequoreae.
448 2200 591 2279 durisque
612 2200 644 2262 in
668 2199 820 2261 montibus
841 2209 923 2262 ortae

110 2284 199 2346 molle
220 2285 327 2346 fretum
350 2283 512 2358 celebrant,
536 2302 592 2346 nec
614 2303 664 2346 eas
686 2302 739 2346 sua
760 2284 853 2364 tangit
877 2284 970 2364 origo.

111 2388 170 2431 non
194 2378 290 2431 tamen
306 2369 431 2444 oblitae,
453 2387 542 2450 mam
565 2368 658 2431 multa
681 2368 811 2451 pericula
833 2386 921 2450 seepe

111 2453 285 2535 pertulerint
308 2453 422 2536 pelago,
446 2453 559 2517 iactatis
580 2472 669 2534 saepe
691 2453 801 2516 carinis

111 2537 936 2703 {lulultits‘lllto:lultttt‘bltillitu

110 2706 296 2789 Neritiaeque
317 2708 388 2770 ratis
410 2708 548 2770 viderunt
570 2707 716 2786 fragmina
738 2706 822 2769 laetis

109 2791 247 2865 vultibus,
271 2801 301 2853 et
320 2791 404 2853 laetis
424 2791 525 2854 videre
546 2792 695 2870 rigescere
716 2791 841 2872 puppim

109 2875 236 2938 vultibus
259 2876 372 2937 Alcinoi
395 2894 558 2957 saxumque
580 2877 748 2938 increscere
769 2875 861 2954 ligno.
1136 2882 1183 2935 555

193 2962 268 3042 Spes
291 2969 362 3034 erat,
384 2961 414 3022 in
439 2962 585 3042 nymphas
605 2961 732 3023 animata
754 2959 847 3022 classe
868 2958 1004 3032 morinus,

110 3064 195 3126 posse
217 3054 298 3107 metu
320 3047 443 3108 monstri
467 3044 610 3107 llutulum
633 3045 774 3106 desistere
797 3044 884 3105 bello.

109 3139 230 3212 perstat,
252 3130 399 3212 habetque
421 3131 493 3192 deos
515 3148 585 3212 pars
605 3140 741 3212 utraque,
763 3130 901 3210 quodque
922 3128 1044 3189 deorum
1067 3135 1112 3188 est

110 3216 211 3288 instar,
232 3214 342 3277 lrabeut
362 3215 486 3278 animos.
531 3232 587 3278 nec
609 3215 667 3277 iam
689 3213 796 3276 dotslia
819 3232 919 3293 regna,

176 3366 224 3417 555
244 3366 310 3426 cunr]
329 3362 359 3415 cd
382 3363 397 3414 lr
467 3362 509 3416 idd
525 3366 569 3425 (=
587 3335 655 3424 ideo)
672 3362 698 3414 bl
768 3367 818 3417 595
843 3361 957 3429 ῐέωἰίίὴε
982 3377 1039 3413 cers
1059 3360 1137 3429 pulsrs
1153 3359 1181 3414 bt

109 3431 225 3484 ethera·
285 3434 334 3485 551
353 3445 481 3484 murmura
498 3429 525 3482 ll
590 3433 640 3486 559
659 3430 801 3484 iaotsnsll
853 3429 992 3483 iaetsltlslr
1043 3429 1124 3481 insitu
1140 3430 1182 3489 (as

110 3504 203 3563 tale
254 3502 303 3552 515
322 3497 473 3578 sanguinei
491 3499 649 3565 gnnuneh
702 3503 752 3552 515
770 3496 945 3565 improeliabl
997 3500 1044 3550 511
1051 3497 1183 3616 ⁵prorupit

110 3566 135 3618 ll
186 3567 284 3629 elassis]
301 3565 432 3634 pupprsli
484 3569 536 3620 519
554 3567 713 3634 corporaelr
765 3570 816 3620 559
827 3566 925 3634 spineo]
939 3565 1041 3631 liuguae
1129 3567 1181 3618 555

109 3633 271 3686 caeruleislr
333 3638 380 3687 551
401 3633 548 3686 naiadesbi
610 3634 795 3702 summisquee
856 3636 905 3688 559
929 3631 1041 3700 scepei}
1101 3646 1182 3684 saevo

109 3703 196 3753 Heius
264 3705 311 3755 551
338 3716 368 3753 su
387 3702 506 3770 posuisse
523 3701 549 3754 ld
609 3702 657 3754 nisi
681 3717 746 3770 quae
770 3706 779 3762 (
799 3717 830 3754 ua
853 3702 880 3764 b)
903 3701 1023 3754 veniebat
1038 3698 1183 3752 debirisc

110 3772 160 3823 559
177 3718 386 3836 neretiaequelf
427 3769 621 3838 naritinequeh
674 3719 800 3822 laeuetl
853 3772 902 3824 551
920 3765 1045 3822 vultnsbl
1096 3766 1182 3847 laetae

106 3835 142 3901 bl,
160 3841 209 3903 qui
223 3853 329 3889 versum
346 3841 395 3891 555
414 3841 521 3905 omittit,
538 3838 599 3890 etb
670 3838 815 3906 puppemb
885 3839 932 3891 551
951 3836 1029 3890 motis
1044 3834 1136 3888 rutubs
1153 3832 1181 3887 ll

94 3908 150 3959 569
163 3905 264 3961 hebent
281 3905 382 3964 animos
398 3903 427 3961 lt
445 3909 463 3962 i.
479 3923 505 3963 r.
557 3906 643 3962 snirno
660 3906 680 3960 li
