2692 4230
142 127 241 164 rnoess
258 127 290 164 er
308 127 450 165 euruoumu
575 111 615 178 Vl,
632 113 776 164 422-489.

142 301 231 362 quam
252 284 345 364 siquis
367 281 449 346 canis
470 280 567 358 ignem
590 291 739 364 supponat
759 282 865 358 aristis,

141 376 193 429 aut
215 369 348 431 frondem
372 365 541 447 positasque
562 379 671 430 cremet
692 367 847 429 faenilibus
868 365 985 428 herbas.
1094 407 1099 419 .

140 453 230 532 digna
252 453 370 533 quidem
393 448 496 511 laciest
519 452 569 513 sed
592 462 621 514 et
642 454 722 514 hunc
747 452 847 514 innata
868 451 960 513 libido

141 537 318 604 exstimulat,
340 552 526 616 pronumque
548 555 640 616 genus
662 536 832 615 regionibus
853 536 912 598 illis

140 621 171 682 in
194 622 338 682 Venerem
362 627 420 680 est:
443 619 545 699 flagrat
564 622 634 684 vitio
655 622 808 701 gentisque
830 639 955 702 suoque.

140 707 270 786 impetus
292 713 337 764 est
358 703 399 763 illi
422 704 563 766 comitum
586 723 774 785 corrumpere
795 724 898 768 curam

141 788 326 868 nutricisque
347 789 445 863 fidem,
467 808 522 853 nee
544 809 604 852 non
627 790 796 869 ingentibus
818 791 913 870 ipsam

139 873 298 935 sollicitare
320 873 395 935 datis
417 884 569 955 totumque
590 875 753 956 inpendere
775 892 912 953 regnum,

140 967 192 1018 aut
212 975 316 1037 rapere
339 969 368 1020 et
389 978 474 1021 saevo
495 971 608 1041 raptam
631 960 787 1021 defendere
808 958 897 1021 bello.

140 1050 170 1103 et
192 1041 266 1102 nihil
289 1053 332 1104 est
355 1045 434 1124 quod
456 1063 517 1106 non
540 1045 650 1106 effreno
673 1053 776 1126 captus
797 1062 900 1107 amore

139 1125 228 1201 ausit,
252 1145 308 1189 nec
331 1130 452 1210 capiunt
473 1130 601 1192 inclusas
622 1141 740 1212 pectora
762 1131 904 1192 flammas,

140 1211 259 1293 iamque
281 1231 380 1276 moras
401 1214 477 1276 male
499 1216 555 1278 lert
576 1216 742 1297 cupidoque
764 1216 920 1277 revertitur
942 1232 996 1275 ore

140 1297 177 1358 ad
200 1300 336 1361 mandata
357 1300 500 1378 Prognes,
522 1301 630 1378 etegit
652 1318 704 1361 sua
726 1309 790 1360 vota
813 1299 869 1361 sub
892 1299 951 1361 illa.

140 1382 302 1445 facundum
325 1384 448 1446 iaciebat
469 1401 565 1445 amore
588 1385 783 1464 quotiensque
804 1383 927 1464 rogabat

138 1467 262 1528 ulterius
285 1468 374 1542 iusto,
396 1468 533 1545 Prognen
555 1468 594 1529 ila
616 1469 688 1530 velle
709 1468 829 1532 ferebat.

137 1551 248 1614 addidit
270 1561 300 1613 el
320 1551 464 1628 lacrimas,
486 1562 634 1634 umquam
656 1554 821 1615 mandasset
842 1561 872 1614 et
893 1551 968 1614 illas.

137 1656 193 1717 pro
216 1636 326 1716 superi,
349 1646 492 1717 quantum
514 1638 647 1700 mortalia
669 1648 789 1719 pectora
815 1656 918 1700 caecae

137 1721 234 1782 noctis
257 1721 385 1782 babenti
408 1723 474 1804 ipso
495 1723 614 1784 sceleris
635 1722 786 1784 molimine
807 1723 919 1785 Tereus

136 1806 267 1867 creditur
289 1825 353 1868 esse
375 1807 442 1888 pius
463 1806 637 1889 laudemque
658 1827 674 1870 a
696 1807 820 1870 erimine
842 1809 942 1870 sumit.

136 1891 207 1971 quid
231 1892 308 1971 quod
332 1892 409 1952 idem
431 1891 590 1954 Philomela
612 1893 695 1975 cupit
717 1893 889 1975 patriosque
911 1892 1029 1956 lacertis

137 1974 243 2037 blanda
267 1989 372 2038 tenens
394 1995 521 2053 umeros,
544 1986 579 2040 ut
601 1988 647 2040 eat
666 1980 763 2041 visura
785 1996 929 2051 sororem,

136 2079 249 2142 perque
272 2080 353 2122 suam
376 2071 537 2143 contraque
558 2082 640 2125 suam
662 2065 736 2144 petit
755 2064 819 2145 ipsa
840 2063 977 2125 salutem.

135 2156 251 2226 spectat
273 2165 336 2207 eam
359 2147 471 2208 Tereus
492 2157 783 2229 praecontrectatque
804 2149 943 2224 videndo,

135 2231 298 2311 osculaque
321 2241 349 2292 et
371 2231 447 2293 collo
470 2232 647 2296 circumdala
668 2233 803 2296 bracchia
825 2253 954 2296 cerneus

135 2319 234 2377 omnia
256 2335 311 2396 pro
334 2317 459 2378 stimulis
481 2317 651 2399 facibusque
673 2319 798 2399 ciboque
820 2319 931 2380 luroris

133 2401 257 2483 accipit;
282 2412 311 2462 et
333 2403 469 2481 quotiens
489 2403 677 2484 amplectitur
697 2403 745 2464 illa
768 2414 931 2484 parentem,

132 2505 198 2548 esse
221 2505 329 2567 parens
350 2487 450 2562 vellet3
475 2506 571 2569 neque
593 2489 671 2550 enim
693 2488 791 2550 minus
811 2488 914 2570 inpius
938 2496 1024 2550 esset

133 2572 261 2634 vincitur
282 2572 434 2634 ambarum
457 2573 573 2652 genitor
594 2592 692 2654 prece.
735 2573 843 2653 gaudet
864 2574 986 2653 agitque

134 2655 183 2718 illa
206 2657 283 2738 patri
306 2668 403 2736 grates
424 2667 454 2720 et
475 2659 651 2720 successisse
672 2658 786 2720 duabus

134 2742 164 2804 id
187 2752 269 2823 putat
294 2742 404 2816 inlelix,
427 2744 506 2824 quod
528 2743 584 2804 erit
606 2744 730 2822 lugubre
751 2743 873 2822 duabus.
894 2783 897 2793 -

131 2827 189 2887 iam
212 2826 294 2888 labor
317 2828 439 2907 exiguus
459 2828 579 2890 Phoebo
600 2829 737 2903 restabat,
760 2829 889 2909 equique

133 2912 292 2991 pulsabant
314 2913 438 2993 pedibus
460 2914 585 2994 spatium
608 2914 726 2976 declivis
748 2913 881 2994 Olympi:

131 2997 244 3076 regales
267 2997 371 3078 epulae
393 3001 502 3060 mensis
524 3010 552 3061 et
573 3000 706 3061 Bacchus
727 3000 757 3060 iu
780 3018 853 3060 auro

131 3083 263 3163 ponitur.
310 3083 380 3145 binc
402 3085 515 3164 placido
537 3086 644 3146 dantur
665 3105 716 3146 sna
738 3104 863 3165 corpora
886 3100 1001 3144 somrm.

199 3253 248 3301 466
268 3249 366 3302 l'euore
386 3247 400 3300 l.
460 3254 508 3304 464
527 3258 623 3320 ruptam
643 3249 738 3304 sruol
794 3255 843 3304 465
863 3250 926 3315 elin]
947 3250 1052 3317 inopino
1071 3253 1204 3302 Priscian.

130 3406 181 3455 466
206 3343 276 3453 :rigi
299 3403 324 3454 ll
393 3407 443 3457 468
467 3406 584 3458 mandata
610 3407 639 3458 ad
658 3405 730 3457 Pur
799 3408 880 3456 suin
904 3404 953 3454 sub
977 3421 994 3454 a
1012 3404 1083 3456 m.3
1100 3407 1118 3455 i.
1136 3421 1160 3455 r.
1176 3404 1202 3455 lll

129 3560 189 3609 476.
205 3561 254 3611 563
273 3557 438 3625 prognembl
507 3562 556 3613 476
576 3575 687 3612 sororem
705 3577 739 3610 eo:
756 3521 930 3611 1560466646ι
1000 3562 1050 3610 ⁴77
1065 3488 1201 3625 lppssquem

129 3640 139 3692 l
152 3657 233 3708 usque
512 3642 522 3694 l
535 3659 639 3695 cernens

152 3709 201 3760 ista
248 3730 261 3760 ε
312 3706 390 3761 illut
447 3713 496 3763 4ῖ9
516 3712 620 3764 tendens
654 3712 678 3763 ll
734 3714 784 3764 483
803 3707 971 3763 amborum).
1029 3713 1078 3764 484
1098 3718 1123 3762 et
1142 3715 1160 3763 r'.
1179 3730 1201 3763 r.

129 3861 155 3913 M
208 3866 256 3915 485
275 3862 301 3914 id
320 3865 559 3918 epolonu2bl
610 3861 697 3917 erati
748 3868 796 3919 48ἵ
816 3796 954 3917 decllibige

182 3954 261 4004 Ouid,
277 3954 365 3999 blerana.
982 3951 1003 4000 ‘b
