2692 4230
139 112 180 171 46
605 120 758 174 llETAllll.
953 134 1093 177 tonsurus.
1121 136 1217 175 murore

141 288 287 368 Aglaurus
307 288 432 367 laevum,
453 290 583 353 medium
606 292 775 371 possederat
798 292 901 355 Herse.

140 394 216 454 quae
240 375 336 438 tenuit
356 376 482 449 laevum,
503 374 669 435 venientem
692 375 786 454 prima
808 378 920 440 notarit
1174 388 1217 437 'tto

139 459 317 522 Mercurium
341 475 511 540 nomenque
533 457 581 518 dei
603 456 735 519 scitarier
757 478 826 522 ausa
848 473 893 525 est

140 555 169 607 et
191 563 308 607 causam
329 546 481 607 adventus.
525 541 574 602 cui
596 541 639 602 sic
661 543 814 623 respondit
835 546 962 610 Atlantis

139 629 334 710 Pletonesque
357 645 466 709 nepos:
486 619 556 704 ‘ego
579 642 655 698 sum,
678 627 729 705 qui
751 628 829 688 iussa
851 650 905 711 per
924 650 1013 695 auras

138 713 226 776 verba
248 713 341 795 patris
362 720 467 793 portos
490 718 575 790 pater
598 718 642 771 est
665 710 736 771 milri
758 710 892 792 luppiter
913 716 986 797 ipse.

139 817 195 861 nec
217 799 325 879 lingam
349 813 468 870 causas,
492 803 524 856 tu
546 803 659 854 tantum
682 793 737 853 lida
760 797 854 857 sorori

138 902 203 945 esse
224 883 297 945 velis
319 879 472 963 prolisque
492 895 575 939 meae
598 887 754 941 matertera
777 878 844 940 dici.

138 969 231 1029 Herse
253 984 341 1029 causa
361 963 424 1024 riae
447 971 501 1024 est.
545 965 640 1023 lareas
662 981 780 1024 oramus
801 956 929 1026 amanti.²

138 1052 262 1132 adspicit
283 1051 363 1110 hunc
386 1047 481 1109 oculis
502 1047 605 1121 isdem,
629 1045 736 1128 quibus
757 1047 854 1110 abdita
877 1068 973 1131 nuper

137 1137 246 1196 viderat
268 1132 414 1212 Aglaurus
435 1132 526 1195 tavae
547 1140 658 1195 secreta
680 1133 837 1210 llinerrae,

138 1236 252 1300 proque
273 1216 439 1279 ministerio
461 1218 561 1299 magni
583 1219 639 1280 sibi
663 1220 802 1301 ponderis
824 1237 928 1283 aurum

138 1301 281 1383 postulat:
305 1302 416 1366 interca
438 1303 524 1367 tectis
545 1305 685 1367 excedere
707 1305 795 1384 cogit.

136 1386 223 1448 vertit
244 1387 280 1449 ad
303 1390 380 1450 hanc
401 1388 476 1451 torri
498 1390 553 1451 dea
573 1389 677 1452 bellica
699 1390 819 1452 luminis
842 1391 944 1453 orbem

137 1482 166 1533 et
187 1481 271 1534 tanto
293 1473 412 1555 penitus
434 1474 523 1536 traxit
543 1474 669 1556 suspiria
691 1485 783 1544 motu,

137 1566 171 1619 ut
192 1558 301 1639 pariter
323 1569 427 1640 pectus
449 1558 635 1640 positamque
657 1560 688 1620 in
711 1569 831 1640 pectore
854 1561 923 1622 lorti

135 1643 237 1722 aegida
259 1652 441 1705 concuteret.
485 1642 573 1722 subit,
597 1646 674 1705 hanc
695 1663 800 1706 arcana
822 1644 943 1725 prolana

137 1728 281 1789 detexisse
303 1746 403 1800 manu,
427 1737 489 1788 tum
512 1746 581 1789 cum
603 1729 668 1788 sine
689 1740 782 1790 matre
804 1736 930 1789 creatam

136 1811 323 1873 Lemnicolae
345 1812 466 1892 stirpem
489 1822 595 1873 contra
616 1812 682 1873 data
704 1813 821 1874 loedera
843 1812 923 1888 vidit,

136 1906 166 1959 et
188 1905 360 1976 gratamque
382 1897 437 1956 deo
460 1898 524 1957 lore
547 1895 603 1956 iam
625 1904 797 1977 gratamque
818 1899 924 1971 sorori,

136 1991 166 2042 et
187 1981 275 2041 ditem
299 1988 428 2060 sumpto,
451 1981 530 2059 quod
552 1999 635 2041 arara
659 1993 843 2061 poposcerat,
865 2000 947 2042 auro.

136 2065 271 2146 protinus
294 2064 421 2126 invidiae
444 2065 530 2143 nigro
553 2065 716 2146 squalentia
739 2066 805 2126 tabo

136 2160 212 2212 tecta
234 2150 316 2230 petit.
360 2151 467 2211 domus
489 2159 534 2212 est
555 2150 621 2211 imis
643 2152 672 2211 in
695 2151 819 2212 vallibus
841 2151 929 2211 huius

136 2235 242 2308 abdita,
265 2234 327 2296 sole
349 2254 464 2309 carens,
488 2254 549 2296 non
572 2235 624 2296 ulli
647 2237 743 2316 pervia
765 2244 863 2308 vento,

137 2319 230 2382 tristis
252 2329 281 2380 et
303 2319 400 2398 ignavi
422 2320 590 2400 plenissima
612 2320 739 2399 frigoris,
763 2331 791 2381 et
814 2339 888 2400 quae

137 2407 206 2484 igne
228 2412 308 2465 vacet
331 2422 458 2484 semper,
480 2404 607 2484 caligine
628 2424 744 2486 semper
765 2406 903 2467 abundet.

136 2491 195 2551 huc
217 2487 267 2550 ubi
290 2489 423 2569 pervenit
444 2489 514 2551 belli
537 2492 693 2551 metuenda
715 2491 824 2569 virago,

136 2574 270 2636 constitit
292 2583 359 2635 ante
382 2575 502 2635 domum
523 2576 633 2655 (neque
656 2575 734 2637 enim
757 2574 914 2636 succedere
935 2575 1020 2636 tectis

136 2661 180 2722 ias
201 2659 300 2734 habet)
321 2669 351 2720 et
371 2669 473 2739 postes
495 2671 623 2721 extrema
645 2661 766 2740 cuspide
789 2658 894 2740 pulsat.

136 2762 297 2805 concussae
319 2752 440 2824 patuere
463 2746 550 2806 iores.
593 2746 672 2805 videt
693 2746 772 2805 intus
795 2745 928 2805 edentem

136 2830 267 2910 vipereas
289 2846 403 2903 carnes,
425 2828 564 2891 vitiorum
586 2830 724 2891 alimenta
746 2848 878 2903 suorum,

137 2914 286 2986 lnvidiam,
307 2912 427 2994 visaque
450 2915 552 2977 oculos
573 2914 685 2977 avertit.
728 2924 757 2976 at
779 2914 827 2976 illa

136 2999 230 3078 surgit
251 3000 341 3059 humo
365 3000 448 3079 pigre
470 3018 709 3080 semesarumque
731 2999 870 3079 relinquit

136 3102 260 3164 corpora
283 3094 454 3163 serpentum
477 3103 626 3165 passuque
648 3085 757 3146 incedit
778 3085 881 3158 inerti;

136 3179 227 3249 utque
248 3169 332 3229 deam
354 3168 426 3230 vidit
446 3169 599 3251 formaque
620 3170 768 3249 armisque
790 3170 936 3243 decoram,

138 3254 281 3332 ingemuit
302 3251 474 3336 vultumque
496 3254 554 3316 ima
576 3255 611 3316 ad
634 3254 760 3334 suspiria
773 3253 873 3368 ²durrit.

204 3405 254 3456 739
272 3400 433 3470 Aglauros).
455 3406 582 3471 (seraper)
651 3407 701 3457 stt
719 3337 811 3457 aginus
828 3403 853 3454 M
922 3406 970 3455 'ltl
994 3404 1069 3455 horse
1093 3395 1208 3455 estol.

136 3516 238 3591 visin
291 3541 351 3602 am]
369 3536 487 3591 orentii
564 3543 611 3593 lat
632 3498 701 3608 {igit
718 3539 744 3590 ll
813 3540 862 3590 752
880 3534 989 3590 orbesl
1055 3540 1105 3590 756
1124 3523 1210 3590 ocati

135 3645 159 3722 (a
177 3657 214 3692 arc
231 3643 258 3706 u)
321 3645 370 3694 tat
389 3640 557 3710 lemnicolqllllp
573 3641 598 3692 ll
633 3618 785 3723 leunisii
846 3643 894 3720 ⁷.⁵⁸
913 3642 1123 3720 ingratamquer
1157 3640 1208 3721 iam

134 3705 344 3777 ingratamque}
395 3711 445 3763 759
463 3710 541 3761 cicli
601 3713 650 3764 tot
670 3711 746 3763 lrurus
763 3725 788 3760 rn
806 3708 1021 3760 rallrbusrmrsa
1078 3710 1126 3760 tot
1145 3706 1206 3760 bella

134 3829 232 3892 Heius,
255 3828 365 3880 belloA
434 3831 484 3881 tos
502 3803 638 3949 NJrffesn
708 3833 758 3882 tto
781 3829 908 3881 convertit
924 3826 950 3877 ll
1021 3829 1069 3880 771
1091 3825 1206 3895 pigrall

120 3892 269 3959 reliquit]
323 3898 371 3950 774
388 3896 440 3949 ima
459 3899 477 3950 τ’.
494 3912 518 3950 r.
615 3897 766 3967 vultumque
784 3896 878 3950 (leaeo
