2692 4230
129 169 268 210 comninos
570 155 632 220 VIII,
649 157 793 211 oet-cat.

132 328 213 391 adler
236 347 325 411 opem
349 343 532 406 mersaeque,
553 345 669 408 precor,
691 327 805 391 leritato
826 335 950 410 paterna

133 413 179 490 da,
200 413 349 496 Neptune,
371 413 489 486 locum;
511 412 557 474 vel
579 413 617 476 sit
637 413 722 477 locus
743 415 817 496 ipsa,
839 411 969 475 licebit.“

130 499 203 562 dum
225 499 343 579 loquor,
366 496 501 577 amplexa
523 510 567 560 est
588 509 669 561 artus
692 518 767 562 nora
787 508 864 562 terra
886 506 1020 561 nauntes

133 593 162 646 et
183 583 281 663 gravis
304 580 428 642 increvit
448 584 568 646 mutatis
590 583 687 647 insula
700 578 859 646 membris?

218 665 323 729 Amnis
344 664 382 726 ab
404 665 451 727 his
473 669 572 730 tacuit.
616 670 726 730 lactum
746 668 879 731 mirabile
900 677 1024 731 cunctos

132 761 279 815 moverat:
309 749 418 812 inridet
439 753 603 826 credentes,
625 762 716 831 utque
738 753 859 814 deorum

132 846 250 919 spretor
272 844 335 898 erat
357 837 526 918 mentisque
546 837 639 910 leror,
661 835 763 897 lxione
785 846 871 898 natus

127 915 209 982 ‘llota
232 920 326 982 relers
348 922 534 1003 nimiumque
555 932 651 1002 putas,
673 920 811 994 dobeloe,
833 929 969 1001 potentes

133 1023 197 1066 esse
211 999 304 1080 deos',
328 1007 401 1069 dixit
420 1001 460 1070 ‘si
482 1009 554 1068 dant
574 1005 765 1086 adimuntque
790 1000 917 1084 liguros.³

218 1089 400 1172 Obstipuere
422 1108 528 1153 omnes
549 1109 605 1152 neo
626 1090 693 1152 talia
714 1091 791 1153 dicta
812 1091 984 1172 probarunt,

133 1183 202 1237 ante
224 1193 390 1257 omnesque
412 1176 512 1250 Lelex,
534 1175 633 1237 animo
655 1185 788 1238 maturus
809 1185 839 1238 et
860 1194 941 1251 aevo,

133 1260 175 1322 sic
197 1261 252 1323 aits
273 1254 424 1323 ‘inmensa
447 1271 492 1323 est
514 1261 664 1342 finemque
685 1261 816 1342 potentia
837 1261 909 1323 caeli

131 1364 194 1407 non
216 1346 315 1420 babet,
339 1356 369 1407 et
391 1346 533 1428 quicquid
554 1347 654 1427 superi
677 1346 804 1419 voluere,
826 1355 979 1426 peractum
1005 1355 1059 1409 est.

132 1449 252 1512 quoque
273 1431 375 1492 minus
396 1431 523 1504 dubites,
547 1430 625 1492 tiliae
645 1430 828 1493 contermina
851 1449 979 1510 quercus

129 1516 259 1578 collibus
282 1523 328 1576 est
349 1515 496 1595 Phrygiis,
518 1516 636 1577 modico
658 1516 837 1577 circumdata
858 1532 955 1578 muro.

131 1600 197 1682 ipse
219 1599 324 1661 locum·
341 1599 421 1674 vidi3
446 1618 515 1662 nam
536 1618 584 1662 me
606 1599 744 1682 Pelopeia
766 1600 899 1667 Pittheus

131 1684 212 1747 misit
233 1684 265 1746 in
288 1703 366 1760 arra,
388 1704 444 1748 suo
467 1685 618 1768 quondam
636 1695 758 1765 regnata
779 1686 904 1767 parenti.

132 1770 212 1832 baud
234 1770 342 1851 procul
364 1771 436 1833 binc
456 1780 595 1849 stagnum
617 1778 673 1845 est,
695 1769 782 1831 tellus
802 1769 969 1833 habitabilis
990 1769 1071 1846 olim,

132 1872 215 1917 nunc
236 1855 370 1917 celebres
392 1855 503 1935 mergis
524 1855 682 1935 fulicisque
703 1854 885 1936 palustribus
906 1854 1011 1918 undae.

130 1938 267 2021 luppiter
287 1941 348 2002 buc
371 1939 471 2021 specie
492 1939 609 2002 mortali
631 1958 760 2020 cumque
781 1950 902 2021 parente

131 2026 212 2086 venit
233 2024 416 2087 Atlantiades
438 2025 543 2106 positis
564 2025 711 2087 caducifer
738 2025 802 2087 alis.

131 2109 212 2171 mille
234 2108 341 2170 domos
362 2110 461 2171 adiere
483 2109 581 2172 locum
604 2109 795 2191 requiemque
816 2117 961 2191 petentes,

131 2193 213 2255 mille
234 2195 341 2256 domos
363 2194 498 2256 clausere
519 2212 611 2256 serae.
654 2203 752 2256 tamen
775 2212 833 2257 una
855 2194 977 2276 recepit,

132 2297 220 2359 parra
245 2279 375 2360 quidem,
396 2279 515 2360 stipulis
536 2288 567 2341 et
588 2297 683 2341 cenna
704 2287 781 2342 tecta
802 2279 937 2361 palustri,

130 2364 183 2425 sed
206 2364 255 2444 pia
277 2364 385 2425 Baucis
405 2383 482 2426 anus
504 2363 648 2444 parilique
670 2375 764 2427 aetate
785 2365 940 2427 Philemon

132 2446 180 2510 illa
204 2457 275 2510 sunt
296 2449 385 2510 annis
407 2449 502 2511 iuncti
523 2448 718 2524 iuvenalibus,
740 2449 789 2510 illa

131 2551 319 2595 consenuere
341 2552 408 2595 oasa
431 2544 694 2615 paupertatemque
720 2533 838 2596 latendo

132 2618 259 2680 ellecere
281 2618 375 2680 levem
399 2637 456 2680 nec
477 2619 578 2700 iniqua
600 2630 700 2680 mente
722 2618 853 2681 lerendo.

133 2721 190 2765 nec
211 2704 314 2777 relert,
337 2704 475 2766 dominos
498 2703 559 2766 illic
580 2703 741 2766 famulosve
763 2704 912 2785 requiras:
1164 2711 1208 2764 633

132 2797 193 2850 tota
215 2790 322 2850 domus
344 2789 404 2850 duo
427 2798 509 2863 sunt,
532 2789 608 2850 idem
632 2799 797 2870 parentque
819 2789 990 2868 iubeatque.

217 2873 296 2953 Ergo
320 2873 372 2935 ubi
394 2873 552 2936 caelicolae
574 2892 679 2954 parvos
700 2874 822 2953 tetigere
844 2882 965 2954 penates

133 3023 205 3088 [aller
228 3039 305 3092 opem
328 3038 479 3144 mersaeque
504 3038 593 3091 precor
610 3025 711 3076 leritate
728 3032 833 3091 paterna
868 3023 899 3076 da
921 3028 1031 3090 neptune
1049 3021 1147 3086 locum,
1165 3021 1207 3073 rel

132 3092 165 3143 sit
184 3092 257 3144 locus
274 3092 331 3159 ipsa
350 3092 416 3159 [ipse
455 3092 536 3159 ¹ipsa
556 3091 593 3158 b³l
612 3092 706 3144 licebit
743 3092 808 3144 bunc
841 3092 915 3155 banc]
933 3105 1035 3158 qnoque
1053 3090 1207 3157 conplectar.

132 3160 213 3212 mooit
226 3167 305 3228 eaput
317 3174 461 3227 aequoreus
474 3175 518 3211 rex
530 3160 711 3227 concussitque
723 3159 777 3212 suis
790 3174 878 3211 omnes
890 3159 1036 3211 assensibus
1048 3156 1135 3210 undas.
1164 3173 1208 3209 ex·

133 3229 217 3279 timuit
230 3227 353 3296 nympbe,
371 3228 450 3279 nabat
464 3235 560 3286 tamem
579 3228 635 3294 ipse
648 3228 723 3295 [ipsa]
742 3228 853 3280 natantis
865 3227 1002 3292 [tenebam]
1020 3232 1122 3293 pectora
1138 3231 1208 3293 tege·

131 3295 191 3347 bam
209 3294 368 3365 [tangebam]
395 3295 482 3363 tepido
506 3295 623 3347 salientia
641 3303 720 3348 motu.
756 3295 866 3363 dumque
883 3310 913 3347 ea
931 3296 1107 3358 contra[e]cto,
1126 3298 1207 3346 totum

132 3361 268 3416 durescere
286 3363 355 3416 sensi
374 3379 468 3431 corpus
492 3367 518 3414 et
537 3362 647 3415 inductis
665 3362 739 3415 condi
759 3363 905 3431 praecordia
923 3363 1003 3414 terris
1038 3361 1098 3414 dum
1116 3362 1208 3429 loquor

133 3446 156 3483 e.
167 3448 191 3498 q.
205 3448 225 3485 s.
262 3448 332 3498 qnae
347 3435 442 3498 ψυγέα
460 3448 522 3496 asae,
540 3432 652 3482 deversis
669 3434 829 3498 temporibus
847 3448 864 3483 a
881 3431 992 3482 ἀίυηείε
1009 3430 1132 3482 laudona
1144 3432 1209 3482 bena

131 3504 286 3566 conposita,
307 3503 434 3565 cognovit
450 3500 553 3552 Merkel
620 3501 671 3553 626
689 3499 759 3552 tiliae
776 3500 826 3565 (tili
843 3503 863 3552 ι’.
880 3503 914 3580 ζ.)
932 3498 950 3550 C
1018 3500 1066 3552 621
1086 3497 1170 3552 medio
1189 3498 1207 3550 C

133 3633 233 3687 modico
251 3652 265 3685 a
283 3635 371 3687 Ham.
432 3639 482 3689 ott
502 3633 569 3686 baud
587 3652 622 3686 σε
638 3642 683 3687 aut
700 3634 725 3686 ll
785 3638 834 3690 632
854 3583 944 3689 illine
1002 3634 1167 3692 iurenllrlibus
1185 3632 1210 3684 bl

131 3770 197 3834 (fuit
210 3771 382 3836 iuuenalibus)
395 3769 552 3822 iuuenilibus
564 3788 579 3826 s
630 3773 680 3824 633
690 3768 823 3823 terendoi
869 3773 919 3825 634
932 3718 1068 3835 swercin,
1081 3774 1109 3822 tn
1123 3786 1208 3835 marg.

133 3905 273 3961 terendobl
318 3903 475 3959 serendaml
522 3908 571 3960 635
585 3867 763 3959 lamulosiiell
807 3903 975 3961 famulosned
1019 3904 1220 3972 carpamus
