2692 4230
33 110 97 173 254
494 86 964 188 mihilominus.
992 141 1105 179 moroan

33 289 78 352 vix
101 290 204 356 oculos
225 293 334 358 tollens
354 293 523 371 iterumque
544 291 712 372 iterumque
732 295 868 358 relabens

32 393 204 459 summaque
225 377 395 461 percutiens
418 373 536 436 nutanti
558 383 678 453 pectora
699 389 810 456 mento,
1060 389 1103 441 000

32 463 160 525 excussit
179 463 298 525 tandem
320 458 377 522 sihi
398 476 441 531 se,
464 457 627 536 cubitoque
647 457 770 537 levatus,
971 462 974 469 '

31 545 102 627 quid
121 548 228 623 veniat,
250 541 405 625 (cognorit
426 541 519 615 enim)
542 540 674 604 scitatur.
716 554 748 607 at
768 547 834 611 illa:

31 631 171 708 „Somne
194 631 279 711 quies
298 644 410 700 rerum,
432 625 641 707 placidissime,
663 625 784 704 Somne,
805 633 937 709 deornm,

30 735 86 796 pax
106 715 206 788 animi,
229 729 318 792 quem
340 728 410 772 cure
431 711 518 791 lugit,
542 711 593 793 qui
616 729 742 792 corpora
762 714 844 780 duris

29 800 103 862 lessa
124 796 296 861 ministeriis
317 794 431 857 mulces
452 815 633 880 reparasque
655 795 758 872 labori,

29 882 159 958 Somnia,
183 897 258 961 quae
279 898 361 941 veras
383 892 514 963 aequent
534 881 698 944 imitamine
721 881 840 960 formas,
946 919 950 926 ·

28 967 172 1031 Herculea
193 964 339 1026 Trachine
360 963 431 1027 iube
452 967 508 1029 suh
530 968 660 1048 imagine
681 965 760 1045 regis

28 1051 179 1132 Alcyonen
201 1048 308 1111 adeant
328 1048 546 1133 simulacraque
569 1053 709 1130 naufraga
731 1052 853 1131 lingant.

27 1135 153 1216 imperat
172 1134 230 1195 hoc
250 1133 358 1196 iuno.“
402 1145 560 1218 postquam
583 1136 719 1200 mandata
740 1136 865 1218 peregit,

25 1219 81 1281 Iris
102 1219 176 1281 abit:
200 1237 298 1300 neque
320 1219 400 1281 enim
422 1221 549 1285 ulterius
570 1222 695 1285 tolerare
716 1220 834 1303 vaporis

25 1303 84 1365 rim
106 1313 230 1385 poterat,
251 1302 369 1387 labique
392 1316 426 1368 ut
447 1325 587 1369 somnum
609 1307 703 1371 sensit
722 1306 754 1369 in
775 1314 866 1382 ntus,

27 1387 130 1466 effugit
152 1398 181 1452 et
202 1400 312 1452 remeat
333 1409 389 1472 per
410 1409 487 1470 quos
508 1392 597 1453 modo
619 1400 740 1455 venerat
760 1409 862 1454 arcus.

34 1533 37 1545 ,
110 1475 147 1536 ht
168 1485 290 1556 patere
312 1474 425 1557 populo
448 1483 587 1538 natorum
609 1476 689 1539 mille
710 1494 833 1539 suorum

26 1558 131 1621 excitat
152 1559 295 1622 artillcem
317 1559 579 1640 simulatoremque
601 1561 713 1640 figurae

24 1643 174 1726 Morphea.
219 1662 281 1705 non
303 1642 345 1704 illi
368 1640 526 1723 quisquam
549 1642 698 1706 sollertius
718 1644 794 1706 alter

25 1727 163 1809 exprimit
182 1727 318 1789 incessus
339 1726 514 1807 vultumque
535 1745 703 1809 sonumque
725 1726 874 1809 loquendi.

24 1810 112 1874 adicit
132 1823 162 1873 et
182 1821 277 1874 vestes
299 1821 328 1872 et
349 1811 576 1882 consuetissima
598 1813 705 1894 cuique

24 1894 119 1958 verba.
162 1897 215 1958 sed
235 1895 285 1958 hic
302 1896 388 1959 solos
409 1897 547 1960 homines
569 1897 715 1974 imitatur;
738 1907 769 1959 at
788 1898 862 1960 alter

24 1981 55 2042 fit
77 1981 148 2054 iera,
170 1982 204 2044 ilt
223 1980 363 2057 volucris,
385 1983 419 2043 lit
440 1980 531 2061 longo
555 2000 681 2064 corpore
703 2000 836 2063 serpens.

21 2065 102 2128 hunc
123 2064 223 2129 Icelon
245 2067 357 2147 superi,
379 2067 503 2128 mortale
524 2064 693 2129 Phobetora
713 2066 819 2145 vulgus
1054 2077 1097 2128 040

24 2149 165 2212 nominat.
210 2162 255 2214 est
276 2151 363 2213 etiam
386 2151 518 2213 diversae
541 2151 645 2213 tertius
666 2151 737 2214 artis

21 2234 192 2298 Phantasos.
236 2234 286 2297 ille
307 2236 339 2297 in
361 2236 487 2297 humum
508 2253 672 2316 saxumque
695 2235 863 2317 undamque
884 2234 1066 2314 trabemque,

22 2338 156 2401 quaeque
176 2329 280 2383 vacant
301 2320 409 2394 anima,
432 2319 575 2382 fallaciter
598 2321 696 2383 omnia
718 2320 831 2383 transit

20 2404 141 2483 regibus
160 2405 192 2468 hi
215 2404 400 2485 ducibusque
422 2424 494 2467 suos
516 2406 675 2468 ostendere
697 2405 793 2467 vultus

21 2499 108 2551 nocte
129 2489 235 2564 solent,
256 2489 386 2571 populos
407 2489 456 2551 aiii
479 2489 658 2571 plebemque
679 2500 841 2571 pererrant
1051 2499 1095 2550 046

21 2573 159 2655 praeterit
179 2573 235 2636 bos
257 2575 375 2653 genitor
397 2575 575 2654 cunctisque
597 2593 615 2635 e
637 2574 775 2637 iratribus
796 2593 890 2636 unum

20 2658 170 2741 blorpbea,
192 2659 243 2738 qui
266 2670 387 2741 peragat
408 2658 641 2721 Thaumantidos
663 2659 748 2734 edita,
771 2659 900 2721 Somnus

20 2743 117 2823 eligit:
141 2752 170 2805 et
190 2763 295 2806 rursus
316 2744 399 2806 molli
421 2744 566 2824 languore
588 2744 703 2806 solutus

19 2828 215 2910 deposuitque
236 2838 326 2909 caput
347 2839 500 2909 stratoque
521 2829 689 2891 recondidit
709 2827 779 2890 alto.

18 2912 67 2975 ille
89 2914 166 2975 volat
187 2913 286 2975 nullos
307 2913 449 2994 strepitus
470 2913 647 2975 iacientibus
668 2913 723 2975 alis
1050 2921 1093 2972 600

20 3017 71 3078 per
93 2996 230 3060 tenebras
251 2998 388 3080 intraque
410 3016 512 3061 morae
533 2997 622 3060 breve
645 3006 761 3080 tempus
781 2997 813 3059 io
835 2997 940 3059 urbem

85 3151 135 3202 613
147 3146 302 3202 relibensll
354 3150 405 3200 620
417 3152 523 3216 pectora
535 3152 644 3206 laeaeel
657 3146 683 3199 bl
729 3146 935 3215 filiaequanth
982 3151 1092 3212 aequent

17 3216 105 3267 146000.
156 3213 548 3268 imitaminelnraa.am.3bl
600 3217 649 3270 est
669 3211 822 3268 herculeihl
841 3212 952 3276 (lineola
964 3214 1091 3265 litwaea

16 3299 175 3351 superamur
188 3283 487 3348 m.3oidelarraddita)
541 3279 720 3336 herculeami
765 3280 922 3334 thracenabl
968 3278 1092 3333 tracinal.

17 3352 160 3404 traeinnee
220 3350 338 3403 herculea
357 3349 483 3403 Trachine
502 3351 591 3402 Heius.
654 3352 705 3404 628
723 3350 853 3416 naufragia
872 3347 898 3400 bl
961 3347 1090 3415 signantl

16 3418 144 3487 lingente
195 3421 245 3472 630
264 3434 384 3487 uaporem
402 3418 428 3470 ll
482 3416 616 3487 saporisl
666 3417 797 3486 soporisa
851 3420 900 3471 634
919 3416 945 3467 ri
962 3415 988 3467 ld
1040 3419 1090 3469 635

16 3488 130 3541 morthea
148 3486 411 3555 oonillicquisquam
424 3485 485 3539 sbl
539 3503 591 3540 non
604 3486 649 3540 illo
662 3488 779 3542 iussoss
830 3485 867 3536 illl
885 3487 989 3537 conieci
1040 3499 1090 3536 non

16 3554 61 3608 illo
78 3555 136 3624 quis
154 3569 231 3624 quam
242 3555 318 3607 illese
369 3557 419 3608 636
437 3550 637 3623 somnumquel
688 3555 738 3608 633
757 3549 854 3605 solusl
904 3555 955 3606 640
967 3553 1088 3604 iceeonh

12 3619 111 3676 Ἴκελον
127 3623 259 3675 Planudea
324 3622 506 3702 phlebetoraa
524 3631 561 3684 (ra
580 3623 643 3674 odd.
660 3637 694 3674 m.
710 3632 774 3701 ree.)
835 3623 887 3700 643
905 3618 1088 3688 panlhosushl

15 3691 154 3812 mihim
160 3695 393 3812 &leumiim
406 3690 597 3827 talpaoeppppslatm
613 3690 733 3827 piiliiqsstet
744 3689 790 3825 ier
801 3687 1088 3835 hppbtptnpnpdesgfflppp

8 3830 83 3957 (010006.
100 3825 318 3961 {cummim
336 3828 413 3880 codd.
478 3831 528 3880 bl'l
547 3828 617 3880 edite
634 3832 660 3894 (a
678 3842 713 3877 err
729 3827 739 3878 i
756 3823 879 3890 eomlbl
943 3826 992 3878 648
1016 3823 1088 3890 eligit

28 3909 95 3946 rea·
120 3911 225 3949 econ.
