2692 4230
143 144 170 181 uo
589 127 606 184 l,
626 129 770 181 lbi-62³.

145 304 271 367 altorum
294 290 471 371 nemorum’,
493 308 521 359 et
543 318 697 362 nemorum
720 309 937 361 monstraverat
959 301 1088 374 umbras,

61 413 62 417 ¹
142 381 225 453 ‘dum
247 388 324 452 calet
345 395 374 447 et
394 384 491 444 medio
514 385 558 446 sol
580 395 625 448 est
645 386 807 448 altissimus
829 383 911 445 orbe.

145 475 250 557 quodsi
271 471 334 534 sola
357 469 443 530 limes
463 467 589 533 latebras
611 472 721 532 intrare
743 472 882 539 terarum,

143 558 278 643 praeside
300 565 361 617 tuta
382 552 439 614 deo
462 572 615 616 nemorum
638 565 750 617 secreta
772 555 897 625 subibis,

144 664 201 706 nec
221 642 258 702 de
279 637 367 721 plebe
389 638 455 712 deo,
479 643 529 702 sed
552 641 603 721 qui
625 640 761 700 caelestia
783 660 889 720 magna

143 734 259 808 sceptra
282 743 372 785 manu
394 732 492 800 teneo,
516 728 566 787 sed
590 724 640 805 qui
663 742 733 802 vaga
757 726 879 786 fulmina
903 725 1000 786 mitto.

142 832 181 873 ne
205 812 273 888 luge
294 801 368 871 mel’
390 810 520 889 lugiebat
541 810 630 870 enim.
676 809 733 869 iarn
756 829 864 890 pascua
888 811 1002 872 Lernae

143 895 315 975 consitaque
337 895 493 957 arboribus
515 895 623 974 Lyrcea
646 893 807 973 reliquerat
828 914 905 966 arra,

143 998 211 1042 cum
233 979 306 1041 deus
328 980 448 1043 inducta
469 980 544 1041 latas
565 978 690 1057 caligine
713 989 805 1040 terras

141 1065 272 1126 occuluit
294 1067 447 1148 tenuitque
469 1066 567 1142 lugam
588 1064 746 1144 rapuitque
767 1065 923 1143 pudorem.

141 1151 252 1212 interea
273 1152 388 1213 medios
409 1152 483 1212 luno
506 1148 639 1229 despexit
661 1149 692 1209 in
714 1167 802 1228 agros

141 1245 170 1297 et
192 1237 289 1298 noctis
311 1237 414 1299 laciem
438 1232 562 1295 nebulas
584 1234 689 1296 iecisse
712 1233 846 1295 volucres

141 1322 196 1383 sub
220 1322 314 1384 nitido
337 1321 440 1382 mirata
462 1318 520 1392 die,
543 1338 603 1381 non
627 1319 757 1381 tluminis
780 1318 844 1380 illas

139 1427 213 1480 esse,
236 1425 293 1468 nec
315 1404 428 1466 umenti
449 1405 543 1466 sensit
564 1405 670 1466 tellure
690 1404 817 1475 remitti;

138 1503 227 1573 atque
248 1509 322 1552 suus
344 1489 475 1552 coniunx
496 1489 548 1551 ubi
570 1491 608 1552 sit
629 1489 841 1570 circumspicit,
865 1497 898 1549 ut
921 1506 997 1569 quae

139 1576 277 1657 deprensi
300 1575 409 1636 totiens
431 1573 489 1636 iam
513 1585 613 1636 nosset
634 1575 711 1636 lurta
733 1574 839 1635 mariti.

139 1679 226 1742 quem
249 1669 406 1741 postquam
429 1659 510 1721 caelo
533 1679 595 1721 non
617 1659 758 1740 repperit,
778 1651 841 1719 ‘aut
863 1674 920 1736 ego
943 1657 1039 1730 lallor,

137 1756 188 1807 aut
211 1764 266 1824 ego
289 1738 396 1806 laedor'
420 1745 471 1816 ait,
493 1744 670 1825 delapsaque
690 1743 728 1805 ab
750 1746 869 1805 aetberc
895 1759 1014 1803 summo

138 1831 271 1893 constitit
292 1831 321 1892 in
346 1829 433 1891 terris
455 1828 637 1910 nebulasque
658 1830 797 1892 recedere
819 1827 916 1889 iussit.

139 1916 275 1994 coniugis
296 1917 454 1977 adventum
477 1925 680 1995 praesenserat
700 1916 792 1996 inque
816 1915 960 1976 nitentem

135 2000 293 2064 lnacbidos
313 1999 411 2063 vultus
432 2009 593 2063 mutaverat
614 2000 664 2062 ille
685 2001 848 2062 iuvencam.

136 2086 191 2148 bos
213 2105 332 2168 quoque
353 2087 482 2146 lormosa
505 2095 558 2147 est.
601 2086 730 2166 speciem
754 2085 892 2146 Saturnia
913 2101 1029 2157 vaccae,

136 2190 315 2252 quamquam
337 2170 438 2243 inrita,
463 2170 579 2251 probat
602 2188 658 2231 nec
681 2188 742 2230 non
766 2181 795 2230 et
817 2170 902 2229 cuius
924 2176 955 2230 et
977 2169 1056 2229 unde

136 2275 233 2336 quove
255 2255 293 2317 sit
315 2263 460 2328 armento,
481 2255 542 2317 veri
565 2255 647 2335 quasi
672 2255 770 2317 nescia
793 2253 917 2335 quaerit.

134 2341 270 2422 luppiter
292 2359 309 2402 e
331 2351 408 2401 terra
431 2340 560 2419 genitam
582 2340 733 2414 mentitur,
755 2351 789 2402 ut
810 2349 914 2401 auctor

134 2428 250 2490 desinat
272 2426 393 2505 inquiri.
439 2425 514 2506 petit
535 2426 612 2487 banc
633 2426 770 2488 Saturnia
792 2443 913 2486 munus.

134 2513 204 2592 quid
227 2508 337 2574 faciat?
359 2511 480 2572 crudele
502 2530 572 2573 suos
593 2511 729 2573 addicere
751 2529 877 2581 amores,

135 2615 196 2658 nou
219 2597 299 2667 dare,
322 2605 493 2677 suspectum
516 2606 568 2657 est
613 2597 710 2676 pudor
732 2607 778 2657 est
799 2596 851 2676 qui
873 2592 996 2654 suadeat
1017 2591 1110 2668 illinc,

133 2683 204 2743 binc
226 2682 377 2743 dissuadet
398 2698 490 2742 amor.
534 2681 627 2741 victus
649 2680 745 2762 pudor
768 2689 847 2741 esset
868 2695 985 2752 amore;

134 2768 184 2828 sed
208 2767 271 2828 leve
292 2767 319 2826 si
340 2784 451 2827 munus
471 2765 569 2826 sociae
591 2766 767 2846 generisque
790 2764 907 2844 torique

131 2871 219 2914 vacca
243 2860 408 2931 negaretur,
432 2859 547 2930 poterat
570 2868 629 2911 non
652 2869 739 2911 vacca
760 2850 861 2911 videri.

133 2937 228 3018 pelice
250 2938 357 2998 donata
381 2954 441 2997 uon
466 2936 604 3016 protinus
625 2935 706 2997 exuit
727 2953 845 2995 omnem

131 3024 196 3083 diva
220 3036 330 3083 metum
353 3021 509 3101 timuitque
531 3021 629 3081 lovem
652 3033 682 3082 et
703 3022 759 3081 luit
781 3020 867 3080 anxia
889 3018 972 3088 lurti,

356 3122 507 3173 nemomm¹

433 3201 460 3254 0³
495 3190 644 3241 nemomm³

199 3261 247 3311 591
269 3274 399 3310 nemorum
414 3272 464 3310 we
509 3256 744 3324 llsllslpmonstrarerat
762 3255 786 3305 bl
827 3262 870 3305 aut
884 3255 975 3306 borum
988 3269 1012 3305 n.
1026 3258 1071 3304 aut
1083 3252 1172 3305 borum
1185 3258 1212 3305 et

130 3393 202 3445 mil
244 3394 397 3446 authorum
416 3329 723 3445 autboffimnemomm·
744 3407 777 3443 m,
796 3391 916 3441 ambase
962 3391 1011 3442 592
1030 3406 1120 3442 cuma
1148 3390 1210 3452 cal-l

131 3461 235 3515 calori
257 3463 397 3525 (alorir.)
443 3466 491 3516 598
511 3460 614 3513 lieeail¹
644 3462 759 3512 linceae
801 3463 849 3511 601
864 3457 927 3509 luno
941 3456 1064 3509 mediosa
1091 3457 1207 3525 despexit

131 3549 166 3582 ese
183 3531 249 3598 disp·
270 3529 295 3580 ll
330 3535 415 3597 agros]
435 3533 517 3597 Argos
535 3534 604 3582 coni.
623 3529 652 3580 L.
672 3528 770 3580 Mliller
822 3530 871 3577 tot
890 3527 940 3576 sub
958 3528 1042 3586 (corr.
1061 3532 1087 3577 et
1103 3531 1121 3577 a'.
1139 3532 1175 3590 r.)
1195 3524 1210 3576 l

130 3668 172 3720 die
190 3663 262 3719 esti
305 3669 356 3719 604
374 3619 534 3719 sensefa'rbll
565 3666 670 3721 sentite
685 3666 773 3715 Heius.
812 3664 893 3714 sensit
911 3663 970 3714 edd.
981 3665 1044 3712 vett.
1090 3664 1139 3714 605
1157 3661 1211 3713 suil

130 3737 154 3800 (l
168 3740 186 3787 i.
199 3740 232 3799 r.)
249 3733 291 3786 nt*
310 3751 380 3786 corr.
399 3735 443 3786 Μ’
477 3741 531 3803 utq:
541 3735 564 3786 ie
580 3733 605 3785 Μ
649 3737 698 3787 606
712 3727 898 3800 deprehensit
940 3734 988 3782 607
1003 3735 1209 3796 quoareeuntur

130 3854 344 3922 usqrreodllilb
359 3855 526 3904 decentiae
560 3811 779 3905 bidadrentii'slll
824 3854 873 3903 615
885 3847 1013 3901 aeterralll
1048 3847 1207 3900 mentituslll

130 3928 179 3976 ott
193 3922 309 3974 abdicere
327 3919 342 3971 λ
393 3925 444 3975 613
461 3927 500 3974 est
508 3924 590 3990 μήνιε
602 3922 723 3978 omedd.
771 3922 824 3978 bl‘l
842 3918 946 3991 expulit
957 3917 1027 4034 Kb*
1053 3912 1227 3987 b‘tbliurtot
