2692 4230
42 115 105 180 352
504 123 659 178 nunaunt.

42 293 102 356 huo
123 312 156 356 se
177 295 214 357 de
236 295 317 358 Latia
339 296 413 377 pinu
435 292 604 356 Phoebeius
625 293 730 369 anguis

44 378 172 443 contulit
192 391 223 444 et
244 378 457 459 flnemspeoie
478 376 604 438 eoeleste
626 387 777 458 resumpta

44 463 173 528 luctibus
195 463 329 547 inposuit
350 461 491 539 venitque
512 459 648 522 salutiler
670 460 745 523 urbi.

129 550 185 613 llio
207 561 306 612 tanim
327 544 451 608 aooessit
472 544 604 607 delubris
625 546 735 606 aduena
758 549 882 610 nostris:
907 594 910 599 -

44 632 150 698 Caesar
172 636 202 695 in
226 631 300 695 urhe
321 648 373 691 aua
396 629 546 692 deusest
590 628 793 710 quem·llarte
815 640 941 715 togaque

45 719 238 800 praecipuum
261 733 321 776 non
345 712 422 774 bella
445 714 540 793 magis
561 715 643 778 flnita
666 711 824 796 triumphis

44 822 152 884 resque
174 799 255 863 domi
277 809 376 878 gestae
398 810 616 881 properataque
638 799 730 879 glorie
753 816 851 860 rerum

45 888 76 950 in
100 887 182 949 sidus
203 894 317 945 vertere
339 900 448 944 novum
471 882 646 967 stellamque
666 891 842 955 comantem,

46 988 132 1053 quam
155 987 208 1031 sua
230 967 399 1048 progenies.
443 971 642 1048 nequeenim
664 968 701 1030 do
723 968 853 1030 Caesaris
874 967 946 1030 aotis

45 1055 140 1117 ullum
161 1053 257 1114 maius
279 1070 367 1132 opus,
388 1070 476 1132 quam
500 1054 579 1135 quod
602 1063 685 1136 pater
707 1051 818 1114 exstitit
837 1052 936 1115 huius.

44 1137 159 1201 soilioet
179 1154 345 1218 aequoreos
367 1136 443 1218 plus.
457 1146 503 1200 est
523 1139 673 1201 domuisse
695 1137 854 1200 Britannos

46 1241 158 1304 perque
182 1221 341 1303 papyriferi
364 1222 539 1304 septemflua
559 1224 681 1292 flumina
703 1221 762 1284 Nili

45 1306 179 1368 viotrioes
202 1306 298 1386 egisse
320 1315 398 1368 rates
417 1306 621 1390 Numidaeque
641 1308 767 1371 rebelles

47 1391 286 1473 Cinyphiumque
307 1391 409 1454 lubam
432 1392 686 1475 Mithridateisque
706 1402 868 1456 tumentem

48 1475 219 1538 nominibus
240 1477 368 1539 Pontum
390 1477 505 1560 populo
527 1479 668 1541 adiecisse
690 1476 806 1549 Quirini
938 1549 945 1565 ·

48 1570 78 1622 et
97 1560 216 1624 multos
229 1562 383 1635 meruisse,
405 1562 522 1642 aliquos
545 1563 641 1640 egisse
663 1562 838 1644 triumphos,

47 1664 134 1726 quam
159 1654 272 1709 tantum
296 1647 435 1725 genuisse
456 1643 576 1731 virum?
602 1663 661 1725 quo
685 1648 819 1726 praeside
840 1667 939 1712 rerum

47 1730 177 1794 humano
200 1730 315 1809 generi,
337 1729 449 1810 superi,
471 1729 583 1791 laniatis
603 1729 731 1792 abunde.
820 1796 824 1806 ,

50 1833 88 1876 ne
110 1816 187 1876 loret
208 1815 258 1877 hio
281 1814 371 1893 igitur
391 1813 510 1876 mortali
532 1813 645 1876 semine
666 1824 775 1890 oretus,
836 1843 839 1848 ·

48 1898 98 1961 ille
120 1899 193 1961 deus
216 1898 369 1962 iaciendos
390 1909 462 1961 erat.
506 1900 585 1980 quod
607 1908 641 1962 ut
663 1918 752 1963 aurea
774 1899 846 1962 vidit

48 1986 164 2045 Aeneae
186 1984 330 2063 genetrix,
352 1984 424 2045 vidit
445 2003 566 2065 quoque
586 1985 672 2047 triste
692 1983 789 2065 parari

48 2068 181 2149 pontiflci
203 2067 295 2130 letum
317 2077 347 2130 et
367 2069 520 2130 coniurata
542 2086 623 2130 arma
645 2069 768 2144 moveri,

43 2151 152 2257 palluit
174 2165 202 2213 et
225 2152 351 2227 ounotis,
373 2162 405 2214 ut
426 2152 535 2233 cuique
557 2164 619 2215 erat
641 2153 736 2229 obvie,
757 2153 831 2215 divis

58 2232 199 2318 adspioe’,
221 2237 336 2298 dicebat
353 2230 480 2317 ‘quanta
502 2237 574 2298 mihi
598 2238 676 2299 mole
698 2248 839 2319 parentur

49 2321 173 2385 insidiae
196 2332 365 2402 quanteque
387 2331 478 2402 eaput
498 2340 566 2384 oum
589 2323 691 2384 lraude
713 2332 840 2403 petatur,

50 2409 129 2488 quod
151 2407 189 2469 de
210 2406 357 2469 Dardanio
380 2407 476 2468 solum
498 2407 571 2469 mihi
594 2417 684 2470 restat
704 2407 778 2469 lulo.

50 2491 151 2554 solane
172 2495 296 2573 semper·
311 2511 362 2554 ero
385 2492 470 2554 iustis
492 2492 620 2554 exercita
641 2491 730 2566 euris,

49 2593 139 2656 quam
161 2577 250 2638 modo
273 2576 401 2657 Tydidae
422 2576 582 2656 Calydonia
603 2575 738 2639 vulneret
759 2576 850 2645 hasta,

51 2679 133 2723 nuno
155 2661 231 2722 male
253 2662 390 2723 deleosae
411 2661 598 2724 oonlundant
618 2661 733 2724 moenia
755 2660 871 2735 Troiae,

52 2765 127 2826 quae
149 2745 261 2806 videam
286 2757 384 2808 natum
409 2746 508 2826 longis
529 2746 680 2808 erroribus
700 2754 798 2813 aetum

52 2830 213 2913 iactarique
235 2832 310 2892 lreto
332 2831 476 2912 sedesque
497 2829 608 2892 intrare
628 2831 768 2893 edentum
789 2892 793 2899 ,

52 2915 187 2996 bellaque
209 2933 276 2977 oum
299 2914 403 2978 Turno
426 2934 539 2995 gerere,
561 2924 624 2990 aut,
645 2915 670 2976 si
692 2934 759 2978 vera
781 2912 916 2989 latemur,

51 3017 120 3062 oum
143 2999 258 3061 lunone
280 2997 398 3080 magis?
421 3001 492 3081 quid
515 3018 598 3062 nuno
618 3000 739 3082 antiqua
761 3000 900 3062 reeordor

52 3085 156 3147 demna
179 3084 237 3145 mei
259 3083 400 3163 generisi
423 3086 513 3146 timor
534 3085 583 3147 hio
604 3085 774 3147 meminisse
795 3083 928 3166 priorum

53 3188 113 3231 non
137 3169 217 3232 sinit.
262 3187 298 3230 en
321 3172 387 3231 aeui
410 3170 570 3231 sceleratos
591 3169 712 3232 cernitis
733 3187 829 3231 enses.

54 3272 129 3336 quos
151 3251 316 3337 prohibeto,
338 3271 455 3335 precor,
478 3254 651 3333 facinusque
672 3252 814 3334 repellite,
838 3270 910 3314 nere

52 3339 142 3402 oredo
162 3339 326 3402 sacerdotis
347 3340 480 3401 dammas
501 3338 679 3419 exstinguite
700 3329 834 3401 Vestael'

1079 3093 1125 3143 tto

122 3490 184 3542 Post
201 3493 251 3544 ill
270 3484 300 3540 toi
318 3489 335 3540 h
353 3490 419 3539 haer
434 3494 512 3539 eunt:
535 3488 631 3540 barhus
654 3493 681 3540 et
698 3486 793 3540 alcides
810 3501 883 3540 cesar
905 3501 951 3556 per
974 3493 1045 3552 gesta
1063 3483 1124 3537 deo·

54 3573 109 3610 rum
124 3559 129 3625 Ι
144 3560 247 3612 nomina
266 3555 370 3610 habent.
406 3556 492 3608 innota
510 3555 556 3608 sed
574 3570 620 3609 sua
638 3555 706 3608 laeta
723 3555 805 3622 maglo
871 3556 921 3610 tlt
939 3555 1124 3622 properataque

55 3624 242 3747 ordffiqloria
260 3624 304 3744 hh
331 3626 382 3677 tto
399 3623 497 3743 oomqu
515 3622 546 3676 ee
565 3624 582 3743 lq
599 3691 614 3744 J
633 3622 780 3744 totmuqlqira
795 3621 872 3743 qqt'h
924 3623 975 3744 3²3
985 3617 1125 3757 eqqallptil'.

54 3709 96 3748 me
173 3708 264 3762 eisque
374 3707 453 3760 eyurp
472 3707 565 3758 eumqu
617 3707 675 3744 ,τοι
727 3706 792 3758 aeq

54 3813 106 3865 'toti
124 3811 212 3865 titides
229 3810 347 3864 calidoua
366 3811 382 3862 h
436 3809 535 3879 tytidae
547 3810 673 3865 aalidouia
685 3769 835 3875 voluerit·
886 3811 936 3863 770
953 3805 1091 3862 conlaudat
1109 3808 1127 3860 h

56 3883 105 3934 772
121 3879 210 3934 iactari
230 3879 296 3931 lueto
315 3881 331 3931 lr
384 3881 434 3931 lid
453 3880 618 3948 comparui
638 3879 654 3930 h
705 3878 730 3929 in
748 3892 788 3930 me
805 3876 893 3930 acula
