<?xml version="1.0" encoding="UTF-8"?>
<!DOCTYPE html PUBLIC "-//W3C//DTD XHTML 1.0 Transitional//EN"
    "http://www.w3.org/TR/xhtml1/DTD/xhtml1-transitional.dtd">
<html xmlns="http://www.w3.org/1999/xhtml" xml:lang="en" lang="en">
 <head>
  <title>
</title>
<meta http-equiv="Content-Type" content="text/html;charset=utf-8" />
  <meta name='ocr-system' content='tesseract 3.04.00' />
  <meta name='ocr-capabilities' content='ocr_page ocr_carea ocr_par ocr_line ocrx_word'/>
</head>
<body>
  <div class='ocr_page' id='page_1' title='image "./povidinasonisme00korngoog_0175.png"; bbox 0 0 2692 4230; ppageno 0'>
   <div class='ocr_carea' id='block_1_1' title="bbox 94 106 699 170">
    <p class='ocr_par' dir='ltr' id='par_1_1' title="bbox 94 106 699 170">
     <span class='ocr_line' id='line_1_1' title="bbox 94 106 699 170; baseline 0.005 -3"><span class='ocrx_word' id='word_1_1' title='bbox 94 106 155 169; x_wconf 73' lang='lat'>158</span> <span class='ocrx_word' id='word_1_2' title='bbox 527 156 533 166; x_wconf 89' lang='lat'>.</span> <span class='ocrx_word' id='word_1_3' title='bbox 548 114 699 170; x_wconf 79' lang='lat' dir='ltr'>hfll&#39;l&#39;hldll.</span> 
     </span>
    </p>
   </div>
   <div class='ocr_carea' id='block_1_2' title="bbox 85 284 1151 2890">
    <p class='ocr_par' dir='ltr' id='par_1_2' title="bbox 94 284 920 370">
     <span class='ocr_line' id='line_1_2' title="bbox 94 284 920 370; baseline 0.01 -25"><span class='ocrx_word' id='word_1_4' title='bbox 94 284 123 347; x_wconf 92' lang='lat' dir='ltr'>hi</span> <span class='ocrx_word' id='word_1_5' title='bbox 146 295 176 349; x_wconf 92' lang='lat' dir='ltr'>te</span> <span class='ocrx_word' id='word_1_6' title='bbox 198 287 233 348; x_wconf 90' lang='lat' dir='ltr'>ad</span> <span class='ocrx_word' id='word_1_7' title='bbox 255 287 330 351; x_wconf 90' lang='lat' dir='ltr'>bella</span> <span class='ocrx_word' id='word_1_8' title='bbox 352 307 437 368; x_wconf 90' lang='lat' dir='ltr'>pares</span> <span class='ocrx_word' id='word_1_9' title='bbox 458 286 544 349; x_wconf 87' lang='lat' dir='ltr'>annis</span> <span class='ocrx_word' id='word_1_10' title='bbox 564 286 727 366; x_wconf 76' lang='lat' dir='ltr'>animisque</span> <span class='ocrx_word' id='word_1_11' title='bbox 748 299 920 370; x_wconf 82' lang='lat' dir='ltr'>sequentur,</span> 
     </span>
    </p>

    <p class='ocr_par' dir='ltr' id='par_1_3' title="bbox 93 368 897 454">
     <span class='ocr_line' id='line_1_3' title="bbox 93 368 897 454; baseline 0.005 -22"><span class='ocrx_word' id='word_1_12' title='bbox 93 388 160 433; x_wconf 92' lang='lat' dir='ltr'>cum</span> <span class='ocrx_word' id='word_1_13' title='bbox 183 373 310 454; x_wconf 91' lang='lat' dir='ltr'>primum</span> <span class='ocrx_word' id='word_1_14' title='bbox 333 374 384 454; x_wconf 90' lang='lat' dir='ltr'>qui</span> <span class='ocrx_word' id='word_1_15' title='bbox 407 382 435 433; x_wconf 83' lang='lat' dir='ltr'>le</span> <span class='ocrx_word' id='word_1_16' title='bbox 457 368 579 432; x_wconf 72' lang='lat' dir='ltr'><strong>feliciter</strong></span> <span class='ocrx_word' id='word_1_17' title='bbox 599 369 703 445; x_wconf 83' lang='lat' dir='ltr'>attulit,</span> <span class='ocrx_word' id='word_1_18' title='bbox 727 370 831 435; x_wconf 90' lang='lat' dir='ltr'>eurus&#39;</span> <span class='ocrx_word' id='word_1_19' title='bbox 854 409 897 421; x_wconf 89' lang='lat'><em>-</em></span> 
     </span>
    </p>

    <p class='ocr_par' dir='ltr' id='par_1_4' title="bbox 91 447 940 620">
     <span class='ocr_line' id='line_1_4' title="bbox 91 447 940 532; baseline 0.005 -13"><span class='ocrx_word' id='word_1_20' title='bbox 91 459 192 532; x_wconf 83' lang='lat' dir='ltr'>(eurus</span> <span class='ocrx_word' id='word_1_21' title='bbox 215 459 293 519; x_wconf 90' lang='lat' dir='ltr'>enim</span> <span class='ocrx_word' id='word_1_22' title='bbox 315 457 462 529; x_wconf 76' lang='lat' dir='ltr'>attulerat)</span> <span class='ocrx_word' id='word_1_23' title='bbox 480 447 583 516; x_wconf 86' lang='lat' dir='ltr'>‘fuerit</span> <span class='ocrx_word' id='word_1_24' title='bbox 604 462 730 516; x_wconf 87' lang='lat' dir='ltr'>mutatus</span> <span class='ocrx_word' id='word_1_25' title='bbox 751 457 782 517; x_wconf 91' lang='lat' dir='ltr'>in</span> <span class='ocrx_word' id='word_1_26' title='bbox 805 454 940 523; x_wconf 73' lang='lat' dir='ltr'>austros?</span> 
     </span>
     <span class='ocr_line' id='line_1_5' title="bbox 177 537 901 620; baseline 0.006 -17"><span class='ocrx_word' id='word_1_27' title='bbox 177 542 295 604; x_wconf 81' lang='lat' dir='ltr'><strong>Talibus</strong></span> <span class='ocrx_word' id='word_1_28' title='bbox 316 552 403 620; x_wconf 91' lang='lat' dir='ltr'>atque</span> <span class='ocrx_word' id='word_1_29' title='bbox 425 538 489 599; x_wconf 89' lang='lat' dir='ltr'>aliia</span> <span class='ocrx_word' id='word_1_30' title='bbox 510 537 631 619; x_wconf 92' lang='lat' dir='ltr'>longum</span> <span class='ocrx_word' id='word_1_31' title='bbox 653 542 837 606; x_wconf 79' lang='lat' dir='ltr'>sermonibus</span> <span class='ocrx_word' id='word_1_32' title='bbox 859 544 901 607; x_wconf 94' lang='lat' dir='ltr'>illi</span> 
     </span>
    </p>

    <p class='ocr_par' dir='ltr' id='par_1_5' title="bbox 93 623 817 709">
     <span class='ocr_line' id='line_1_6' title="bbox 93 623 817 709; baseline 0 -22"><span class='ocrx_word' id='word_1_33' title='bbox 93 627 242 709; x_wconf 83' lang='lat' dir='ltr'>inplevere</span> <span class='ocrx_word' id='word_1_34' title='bbox 264 627 350 688; x_wconf 90' lang='lat' dir='ltr'>diem.</span> <span class='ocrx_word' id='word_1_35' title='bbox 392 623 468 685; x_wconf 88' lang='lat' dir='ltr'>lucis</span> <span class='ocrx_word' id='word_1_36' title='bbox 489 642 557 704; x_wconf 88' lang='lat' dir='ltr'>pars</span> <span class='ocrx_word' id='word_1_37' title='bbox 579 624 678 687; x_wconf 91' lang='lat' dir='ltr'>ultima</span> <span class='ocrx_word' id='word_1_38' title='bbox 700 642 817 687; x_wconf 89' lang='lat' dir='ltr'>mensae</span> 
     </span>
    </p>

    <p class='ocr_par' dir='ltr' id='par_1_6' title="bbox 93 707 952 786">
     <span class='ocr_line' id='line_1_7' title="bbox 93 707 952 786; baseline 0.002 -12"><span class='ocrx_word' id='word_1_39' title='bbox 93 722 137 774; x_wconf 87' lang='lat' dir='ltr'>est</span> <span class='ocrx_word' id='word_1_40' title='bbox 158 711 232 786; x_wconf 88' lang='lat' dir='ltr'>data,</span> <span class='ocrx_word' id='word_1_41' title='bbox 256 728 314 772; x_wconf 87' lang='lat' dir='ltr'>nox</span> <span class='ocrx_word' id='word_1_42' title='bbox 336 707 456 769; x_wconf 90' lang='lat' dir='ltr'>somnis.</span> <span class='ocrx_word' id='word_1_43' title='bbox 500 707 584 772; x_wconf 92' lang='lat' dir='ltr'>iubar</span> <span class='ocrx_word' id='word_1_44' title='bbox 603 728 708 773; x_wconf 86' lang='lat' dir='ltr'>aureus</span> <span class='ocrx_word' id='word_1_45' title='bbox 729 709 871 773; x_wconf 79' lang='lat' dir='ltr'>extulerat</span> <span class='ocrx_word' id='word_1_46' title='bbox 892 713 952 776; x_wconf 84' lang='lat' dir='ltr'>sol:</span> 
     </span>
    </p>

    <p class='ocr_par' dir='ltr' id='par_1_7' title="bbox 90 792 842 877">
     <span class='ocr_line' id='line_1_8' title="bbox 90 792 842 877; baseline -0.005 -19"><span class='ocrx_word' id='word_1_47' title='bbox 90 797 179 858; x_wconf 89' lang='lat' dir='ltr'>flabat</span> <span class='ocrx_word' id='word_1_48' title='bbox 199 796 293 857; x_wconf 91' lang='lat' dir='ltr'>adhuc</span> <span class='ocrx_word' id='word_1_49' title='bbox 315 810 404 853; x_wconf 88' lang='lat' dir='ltr'>eurus</span> <span class='ocrx_word' id='word_1_50' title='bbox 424 792 611 877; x_wconf 80' lang='lat' dir='ltr'>redituraque</span> <span class='ocrx_word' id='word_1_51' title='bbox 632 794 692 857; x_wconf 84' lang='lat' dir='ltr'>vela</span> <span class='ocrx_word' id='word_1_52' title='bbox 718 794 842 855; x_wconf 85' lang='lat' dir='ltr'>tenebat.</span> 
     </span>
    </p>

    <p class='ocr_par' dir='ltr' id='par_1_8' title="bbox 90 876 882 961">
     <span class='ocr_line' id='line_1_9' title="bbox 90 876 882 961; baseline -0.004 -18"><span class='ocrx_word' id='word_1_53' title='bbox 90 882 125 942; x_wconf 91' lang='lat' dir='ltr'>ad</span> <span class='ocrx_word' id='word_1_54' title='bbox 150 879 309 960; x_wconf 80' lang='lat' dir='ltr'>Cephalum</span> <span class='ocrx_word' id='word_1_55' title='bbox 331 876 461 939; x_wconf 88' lang='lat' dir='ltr'>Pallante</span> <span class='ocrx_word' id='word_1_56' title='bbox 482 879 546 955; x_wconf 86' lang='lat' dir='ltr'>suti,</span> <span class='ocrx_word' id='word_1_57' title='bbox 568 881 616 943; x_wconf 92' lang='lat' dir='ltr'>cni</span> <span class='ocrx_word' id='word_1_58' title='bbox 636 879 773 961; x_wconf 80' lang='lat' dir='ltr'>grandior</span> <span class='ocrx_word' id='word_1_59' title='bbox 794 889 882 952; x_wconf 89' lang='lat' dir='ltr'>aetas,</span> 
     </span>
    </p>

    <p class='ocr_par' dir='ltr' id='par_1_9' title="bbox 91 960 831 1043">
     <span class='ocr_line' id='line_1_10' title="bbox 91 960 831 1043; baseline -0.004 -16"><span class='ocrx_word' id='word_1_60' title='bbox 91 966 126 1028; x_wconf 90' lang='lat' dir='ltr'>ad</span> <span class='ocrx_word' id='word_1_61' title='bbox 147 982 246 1043; x_wconf 88' lang='lat' dir='ltr'>regem</span> <span class='ocrx_word' id='word_1_62' title='bbox 269 960 413 1042; x_wconf 84' lang='lat' dir='ltr'>Cephalus</span> <span class='ocrx_word' id='word_1_63' title='bbox 433 962 521 1026; x_wconf 91' lang='lat' dir='ltr'>simul</span> <span class='ocrx_word' id='word_1_64' title='bbox 543 974 572 1028; x_wconf 90' lang='lat' dir='ltr'>et</span> <span class='ocrx_word' id='word_1_65' title='bbox 592 966 722 1029; x_wconf 87' lang='lat' dir='ltr'>Pallante</span> <span class='ocrx_word' id='word_1_66' title='bbox 743 963 831 1026; x_wconf 88' lang='lat' dir='ltr'>creati</span> 
     </span>
    </p>

    <p class='ocr_par' dir='ltr' id='par_1_10' title="bbox 91 1046 970 1133">
     <span class='ocr_line' id='line_1_11' title="bbox 91 1046 970 1133; baseline -0.003 -21"><span class='ocrx_word' id='word_1_67' title='bbox 91 1048 278 1112; x_wconf 82' lang='lat' dir='ltr'>conveniunt.</span> <span class='ocrx_word' id='word_1_68' title='bbox 321 1046 371 1108; x_wconf 90' lang='lat' dir='ltr'>sed</span> <span class='ocrx_word' id='word_1_69' title='bbox 394 1048 489 1111; x_wconf 90' lang='lat' dir='ltr'>adbuc</span> <span class='ocrx_word' id='word_1_70' title='bbox 509 1069 607 1131; x_wconf 89' lang='lat' dir='ltr'>regem</span> <span class='ocrx_word' id='word_1_71' title='bbox 629 1069 718 1133; x_wconf 91' lang='lat' dir='ltr'>sopor</span> <span class='ocrx_word' id='word_1_72' title='bbox 737 1049 815 1112; x_wconf 92' lang='lat' dir='ltr'>altus</span> <span class='ocrx_word' id='word_1_73' title='bbox 837 1048 970 1110; x_wconf 87' lang='lat' dir='ltr'>habebat.</span> 
     </span>
    </p>

    <p class='ocr_par' dir='ltr' id='par_1_11' title="bbox 91 1131 770 1212">
     <span class='ocr_line' id='line_1_12' title="bbox 91 1131 770 1212; baseline 0.003 -18"><span class='ocrx_word' id='word_1_74' title='bbox 91 1132 198 1212; x_wconf 88' lang='lat' dir='ltr'>excipit</span> <span class='ocrx_word' id='word_1_75' title='bbox 219 1131 357 1193; x_wconf 78' lang='lat' dir='ltr'>Aeacides</span> <span class='ocrx_word' id='word_1_76' title='bbox 378 1132 445 1196; x_wconf 92' lang='lat' dir='ltr'>illos</span> <span class='ocrx_word' id='word_1_77' title='bbox 465 1135 495 1197; x_wconf 93' lang='lat' dir='ltr'>in</span> <span class='ocrx_word' id='word_1_78' title='bbox 518 1136 619 1198; x_wconf 91' lang='lat' dir='ltr'>limine</span> <span class='ocrx_word' id='word_1_79' title='bbox 639 1137 770 1200; x_wconf 86' lang='lat' dir='ltr'>Phocus:</span> 
     </span>
    </p>

    <p class='ocr_par' dir='ltr' id='par_1_12' title="bbox 90 1215 906 1301">
     <span class='ocr_line' id='line_1_13' title="bbox 90 1215 906 1301; baseline 0 -22"><span class='ocrx_word' id='word_1_80' title='bbox 90 1234 158 1279; x_wconf 91' lang='lat' dir='ltr'>narn</span> <span class='ocrx_word' id='word_1_81' title='bbox 180 1215 319 1278; x_wconf 86' lang='lat' dir='ltr'>Telamon</span> <span class='ocrx_word' id='word_1_82' title='bbox 342 1217 490 1301; x_wconf 91' lang='lat' dir='ltr'>fraterque</span> <span class='ocrx_word' id='word_1_83' title='bbox 509 1220 587 1283; x_wconf 83' lang='lat' dir='ltr'>viros</span> <span class='ocrx_word' id='word_1_84' title='bbox 608 1223 642 1284; x_wconf 89' lang='lat' dir='ltr'>ad</span> <span class='ocrx_word' id='word_1_85' title='bbox 666 1221 740 1283; x_wconf 89' lang='lat' dir='ltr'>bella</span> <span class='ocrx_word' id='word_1_86' title='bbox 761 1219 906 1301; x_wconf 90' lang='lat' dir='ltr'>legebant.</span> 
     </span>
    </p>

    <p class='ocr_par' dir='ltr' id='par_1_13' title="bbox 89 1301 923 1387">
     <span class='ocr_line' id='line_1_14' title="bbox 89 1301 923 1387; baseline 0.006 -26"><span class='ocrx_word' id='word_1_87' title='bbox 89 1301 207 1362; x_wconf 87' lang='lat' dir='ltr'>Phocus</span> <span class='ocrx_word' id='word_1_88' title='bbox 228 1302 258 1363; x_wconf 94' lang='lat' dir='ltr'>in</span> <span class='ocrx_word' id='word_1_89' title='bbox 281 1302 405 1366; x_wconf 89' lang='lat' dir='ltr'>interius</span> <span class='ocrx_word' id='word_1_90' title='bbox 425 1304 551 1387; x_wconf 91' lang='lat' dir='ltr'>spatium</span> <span class='ocrx_word' id='word_1_91' title='bbox 573 1305 769 1387; x_wconf 88' lang='lat' dir='ltr'>pulchrosque</span> <span class='ocrx_word' id='word_1_92' title='bbox 789 1323 923 1368; x_wconf 90' lang='lat' dir='ltr'>recessus</span> 
     </span>
    </p>

    <p class='ocr_par' dir='ltr' id='par_1_14' title="bbox 90 1384 884 1472">
     <span class='ocr_line' id='line_1_15' title="bbox 90 1384 884 1472; baseline 0.008 -26"><span class='ocrx_word' id='word_1_93' title='bbox 90 1384 266 1467; x_wconf 91' lang='lat' dir='ltr'>Cecropidas</span> <span class='ocrx_word' id='word_1_94' title='bbox 288 1388 377 1463; x_wconf 81' lang='lat' dir='ltr'>ducit,</span> <span class='ocrx_word' id='word_1_95' title='bbox 399 1407 467 1451; x_wconf 93' lang='lat' dir='ltr'>cum</span> <span class='ocrx_word' id='word_1_96' title='bbox 488 1391 554 1471; x_wconf 92' lang='lat' dir='ltr'>quis</span> <span class='ocrx_word' id='word_1_97' title='bbox 575 1390 662 1453; x_wconf 92' lang='lat' dir='ltr'>simul</span> <span class='ocrx_word' id='word_1_98' title='bbox 683 1391 746 1472; x_wconf 89' lang='lat' dir='ltr'>ipse</span> <span class='ocrx_word' id='word_1_99' title='bbox 766 1391 884 1452; x_wconf 88' lang='lat' dir='ltr'>resedit.</span> 
     </span>
    </p>

    <p class='ocr_par' dir='ltr' id='par_1_15' title="bbox 89 1469 804 1553">
     <span class='ocr_line' id='line_1_16' title="bbox 89 1469 804 1553; baseline 0.006 -21"><span class='ocrx_word' id='word_1_100' title='bbox 89 1469 213 1552; x_wconf 87' lang='lat' dir='ltr'>adspicit</span> <span class='ocrx_word' id='word_1_101' title='bbox 233 1471 372 1535; x_wconf 78' lang='lat' dir='ltr'>Aeoliden</span> <span class='ocrx_word' id='word_1_102' title='bbox 394 1473 494 1553; x_wconf 92' lang='lat' dir='ltr'>ignota</span> <span class='ocrx_word' id='word_1_103' title='bbox 517 1492 552 1536; x_wconf 89' lang='lat' dir='ltr'>ex</span> <span class='ocrx_word' id='word_1_104' title='bbox 573 1475 677 1536; x_wconf 91' lang='lat' dir='ltr'>arbore</span> <span class='ocrx_word' id='word_1_105' title='bbox 697 1475 804 1536; x_wconf 91' lang='lat' dir='ltr'>factum</span> 
     </span>
    </p>

    <p class='ocr_par' dir='ltr' id='par_1_16' title="bbox 89 1554 852 1638">
     <span class='ocr_line' id='line_1_17' title="bbox 89 1554 852 1638; baseline 0.003 -23"><span class='ocrx_word' id='word_1_106' title='bbox 89 1554 167 1618; x_wconf 85' lang='lat' dir='ltr'>ferre</span> <span class='ocrx_word' id='word_1_107' title='bbox 188 1576 276 1619; x_wconf 90' lang='lat' dir='ltr'>manu</span> <span class='ocrx_word' id='word_1_108' title='bbox 298 1558 436 1632; x_wconf 84' lang='lat' dir='ltr'>iaculum,</span> <span class='ocrx_word' id='word_1_109' title='bbox 456 1559 540 1619; x_wconf 89' lang='lat' dir='ltr'>cuius</span> <span class='ocrx_word' id='word_1_110' title='bbox 562 1558 616 1619; x_wconf 90' lang='lat' dir='ltr'>fuit</span> <span class='ocrx_word' id='word_1_111' title='bbox 636 1576 722 1619; x_wconf 84' lang='lat' dir='ltr'>uurca</span> <span class='ocrx_word' id='word_1_112' title='bbox 743 1559 852 1638; x_wconf 91' lang='lat' dir='ltr'>cuspis.</span> 
     </span>
    </p>

    <p class='ocr_par' dir='ltr' id='par_1_17' title="bbox 85 1640 824 1744">
     <span class='ocr_line' id='line_1_18' title="bbox 85 1640 824 1744; baseline -0.003 -40"><span class='ocrx_word' id='word_1_113' title='bbox 85 1659 181 1744; x_wconf 84' lang='lat' dir='ltr'>pauca</span> <span class='ocrx_word' id='word_1_114' title='bbox 203 1643 286 1724; x_wconf 92' lang='lat' dir='ltr'>prius</span> <span class='ocrx_word' id='word_1_115' title='bbox 307 1642 411 1702; x_wconf 92' lang='lat' dir='ltr'>mediis</span> <span class='ocrx_word' id='word_1_116' title='bbox 431 1640 616 1702; x_wconf 85' lang='lat' dir='ltr'>sermonibus</span> <span class='ocrx_word' id='word_1_117' title='bbox 637 1641 688 1702; x_wconf 93' lang='lat' dir='ltr'>ille</span> <span class='ocrx_word' id='word_1_118' title='bbox 708 1641 824 1703; x_wconf 90' lang='lat' dir='ltr'>locutus</span> 
     </span>
    </p>

    <p class='ocr_par' dir='ltr' id='par_1_18' title="bbox 98 1718 922 1806">
     <span class='ocr_line' id='line_1_19' title="bbox 98 1718 922 1806; baseline -0.004 -18"><span class='ocrx_word' id='word_1_119' title='bbox 98 1744 163 1788; x_wconf 92' lang='lat' dir='ltr'>sum</span> <span class='ocrx_word' id='word_1_120' title='bbox 187 1743 341 1787; x_wconf 92' lang='lat' dir='ltr'>nemorum</span> <span class='ocrx_word' id='word_1_121' title='bbox 364 1721 526 1788; x_wconf 86' lang='lat' dir='ltr'>studiosus&#39;</span> <span class='ocrx_word' id='word_1_122' title='bbox 549 1726 590 1788; x_wconf 89' lang='lat' dir='ltr'>ait</span> <span class='ocrx_word' id='word_1_123' title='bbox 608 1718 774 1806; x_wconf 83' lang='lat' dir='ltr'>‘caedisque</span> <span class='ocrx_word' id='word_1_124' title='bbox 795 1725 922 1787; x_wconf 90' lang='lat' dir='ltr'>ferinae:</span> 
     </span>
    </p>

    <p class='ocr_par' dir='ltr' id='par_1_19' title="bbox 89 1809 792 1892">
     <span class='ocr_line' id='line_1_20' title="bbox 89 1809 792 1892; baseline 0 -20"><span class='ocrx_word' id='word_1_125' title='bbox 89 1830 145 1892; x_wconf 89' lang='lat' dir='ltr'>qua</span> <span class='ocrx_word' id='word_1_126' title='bbox 168 1820 262 1872; x_wconf 89' lang='lat' dir='ltr'>tamen</span> <span class='ocrx_word' id='word_1_127' title='bbox 288 1809 394 1871; x_wconf 85' lang='lat' dir='ltr'>esilva</span> <span class='ocrx_word' id='word_1_128' title='bbox 415 1818 514 1872; x_wconf 89' lang='lat' dir='ltr'>teneas</span> <span class='ocrx_word' id='word_1_129' title='bbox 535 1811 637 1872; x_wconf 90' lang='lat' dir='ltr'>hastile</span> <span class='ocrx_word' id='word_1_130' title='bbox 658 1810 792 1885; x_wconf 87' lang='lat' dir='ltr'>recisum,</span> 
     </span>
    </p>

    <p class='ocr_par' dir='ltr' id='par_1_20' title="bbox 88 1894 815 1971">
     <span class='ocr_line' id='line_1_21' title="bbox 88 1894 815 1971; baseline 0.001 -15"><span class='ocrx_word' id='word_1_131' title='bbox 88 1895 256 1958; x_wconf 89' lang='lat' dir='ltr'>iamdudum</span> <span class='ocrx_word' id='word_1_132' title='bbox 279 1894 389 1956; x_wconf 90' lang='lat' dir='ltr'>dubito.</span> <span class='ocrx_word' id='word_1_133' title='bbox 433 1903 512 1957; x_wconf 90' lang='lat' dir='ltr'>certe</span> <span class='ocrx_word' id='word_1_134' title='bbox 533 1895 558 1957; x_wconf 92' lang='lat' dir='ltr'>si</span> <span class='ocrx_word' id='word_1_135' title='bbox 580 1895 708 1957; x_wconf 76' lang='lat' dir='ltr'>fraxinus</span> <span class='ocrx_word' id='word_1_136' title='bbox 729 1905 815 1971; x_wconf 86' lang='lat' dir='ltr'>esset,</span> 
     </span>
    </p>

    <p class='ocr_par' dir='ltr' id='par_1_21' title="bbox 88 1979 844 2054">
     <span class='ocr_line' id='line_1_22' title="bbox 88 1979 844 2054; baseline -0.001 -13"><span class='ocrx_word' id='word_1_137' title='bbox 88 1979 165 2042; x_wconf 84' lang='lat' dir='ltr'>fulva</span> <span class='ocrx_word' id='word_1_138' title='bbox 187 1979 285 2041; x_wconf 89' lang='lat' dir='ltr'>coloro</span> <span class='ocrx_word' id='word_1_139' title='bbox 306 1980 399 2054; x_wconf 85' lang='lat' dir='ltr'>foret;</span> <span class='ocrx_word' id='word_1_140' title='bbox 426 1980 449 2041; x_wconf 91' lang='lat' dir='ltr'>si</span> <span class='ocrx_word' id='word_1_141' title='bbox 473 1997 592 2054; x_wconf 83' lang='lat' dir='ltr'>cornus,</span> <span class='ocrx_word' id='word_1_142' title='bbox 614 1980 707 2041; x_wconf 88' lang='lat' dir='ltr'>nodus</span> <span class='ocrx_word' id='word_1_143' title='bbox 726 1980 844 2042; x_wconf 91' lang='lat' dir='ltr'>inesset.</span> 
     </span>
    </p>

    <p class='ocr_par' dir='ltr' id='par_1_22' title="bbox 87 2064 806 2144">
     <span class='ocr_line' id='line_1_23' title="bbox 87 2064 806 2144; baseline 0 -18"><span class='ocrx_word' id='word_1_144' title='bbox 87 2065 166 2126; x_wconf 90' lang='lat' dir='ltr'>unde</span> <span class='ocrx_word' id='word_1_145' title='bbox 188 2065 234 2140; x_wconf 81' lang='lat' dir='ltr'>sit,</span> <span class='ocrx_word' id='word_1_146' title='bbox 257 2064 371 2144; x_wconf 85' lang='lat' dir='ltr'>ignoro.</span> <span class='ocrx_word' id='word_1_147' title='bbox 413 2066 465 2127; x_wconf 90' lang='lat' dir='ltr'>sed</span> <span class='ocrx_word' id='word_1_148' title='bbox 488 2083 547 2127; x_wconf 93' lang='lat' dir='ltr'>non</span> <span class='ocrx_word' id='word_1_149' title='bbox 568 2064 724 2127; x_wconf 80' lang='lat' dir='ltr'>formosius</span> <span class='ocrx_word' id='word_1_150' title='bbox 751 2065 806 2127; x_wconf 90' lang='lat' dir='ltr'>isto</span> 
     </span>
    </p>

    <p class='ocr_par' dir='ltr' id='par_1_23' title="bbox 87 2144 741 2212">
     <span class='ocr_line' id='line_1_24' title="bbox 87 2144 741 2212; baseline 0.002 -3"><span class='ocrx_word' id='word_1_151' title='bbox 87 2150 221 2211; x_wconf 87' lang='lat' dir='ltr'>viderunt</span> <span class='ocrx_word' id='word_1_152' title='bbox 242 2150 320 2211; x_wconf 92' lang='lat' dir='ltr'>oculi</span> <span class='ocrx_word' id='word_1_153' title='bbox 343 2150 434 2211; x_wconf 89' lang='lat' dir='ltr'>telum</span> <span class='ocrx_word' id='word_1_154' title='bbox 456 2149 608 2212; x_wconf 88' lang='lat' dir='ltr'>iaculabile</span> <span class='ocrx_word' id='word_1_155' title='bbox 629 2144 741 2212; x_wconf 71' lang='lat' dir='ltr'>nostri?</span> 
     </span>
    </p>

    <p class='ocr_par' dir='ltr' id='par_1_24' title="bbox 87 2228 796 2316">
     <span class='ocr_line' id='line_1_25' title="bbox 87 2228 796 2316; baseline -0.004 -19"><span class='ocrx_word' id='word_1_156' title='bbox 87 2234 195 2316; x_wconf 86' lang='lat' dir='ltr'>excipit</span> <span class='ocrx_word' id='word_1_157' title='bbox 216 2235 330 2296; x_wconf 82' lang='lat' dir='ltr'>Actaeis</span> <span class='ocrx_word' id='word_1_158' title='bbox 352 2253 368 2296; x_wconf 91' lang='lat' dir='ltr'>e</span> <span class='ocrx_word' id='word_1_159' title='bbox 389 2234 526 2296; x_wconf 89' lang='lat' dir='ltr'>iratribus</span> <span class='ocrx_word' id='word_1_160' title='bbox 547 2234 629 2311; x_wconf 85' lang='lat' dir='ltr'>alter,</span> <span class='ocrx_word' id='word_1_161' title='bbox 650 2244 681 2296; x_wconf 93' lang='lat' dir='ltr'>et</span> <span class='ocrx_word' id='word_1_162' title='bbox 698 2228 796 2296; x_wconf 90' lang='lat' dir='ltr'>‘usum</span> 
     </span>
    </p>

    <p class='ocr_par' dir='ltr' id='par_1_25' title="bbox 87 2313 768 2400">
     <span class='ocr_line' id='line_1_26' title="bbox 87 2313 768 2400; baseline 0 -19"><span class='ocrx_word' id='word_1_163' title='bbox 87 2319 226 2381; x_wconf 91' lang='lat' dir='ltr'>maiorem</span> <span class='ocrx_word' id='word_1_164' title='bbox 248 2319 346 2400; x_wconf 91' lang='lat' dir='ltr'>specie</span> <span class='ocrx_word' id='word_1_165' title='bbox 368 2314 524 2381; x_wconf 89' lang='lat' dir='ltr'>mirabere&#39;</span> <span class='ocrx_word' id='word_1_166' title='bbox 547 2319 618 2381; x_wconf 85' lang='lat' dir='ltr'>dixit</span> <span class='ocrx_word' id='word_1_167' title='bbox 635 2313 679 2380; x_wconf 92' lang='lat' dir='ltr'>‘in</span> <span class='ocrx_word' id='word_1_168' title='bbox 702 2319 768 2381; x_wconf 90' lang='lat' dir='ltr'>isto.</span> 
     </span>
    </p>

    <p class='ocr_par' dir='ltr' id='par_1_26' title="bbox 87 2403 946 2486">
     <span class='ocr_line' id='line_1_27' title="bbox 87 2403 946 2486; baseline -0.003 -20"><span class='ocrx_word' id='word_1_169' title='bbox 87 2405 277 2485; x_wconf 89' lang='lat' dir='ltr'>consequitur</span> <span class='ocrx_word' id='word_1_170' title='bbox 299 2404 504 2486; x_wconf 91' lang='lat' dir='ltr'>quodcumque</span> <span class='ocrx_word' id='word_1_171' title='bbox 525 2405 607 2486; x_wconf 83' lang='lat' dir='ltr'>petit,</span> <span class='ocrx_word' id='word_1_172' title='bbox 628 2405 805 2484; x_wconf 78' lang='lat' dir='ltr'>fortunaque</span> <span class='ocrx_word' id='word_1_173' title='bbox 825 2403 946 2464; x_wconf 91' lang='lat' dir='ltr'>missum</span> 
     </span>
    </p>

    <p class='ocr_par' dir='ltr' id='par_1_27' title="bbox 88 2487 898 2569">
     <span class='ocr_line' id='line_1_28' title="bbox 88 2487 898 2569; baseline -0.004 -18"><span class='ocrx_word' id='word_1_174' title='bbox 88 2508 148 2551; x_wconf 91' lang='lat' dir='ltr'>non</span> <span class='ocrx_word' id='word_1_175' title='bbox 169 2490 254 2569; x_wconf 87' lang='lat' dir='ltr'>regit,</span> <span class='ocrx_word' id='word_1_176' title='bbox 277 2498 306 2550; x_wconf 88' lang='lat' dir='ltr'>et</span> <span class='ocrx_word' id='word_1_177' title='bbox 326 2489 435 2551; x_wconf 84' lang='lat' dir='ltr'>revolat</span> <span class='ocrx_word' id='word_1_178' title='bbox 456 2489 537 2551; x_wconf 91' lang='lat' dir='ltr'>nullo</span> <span class='ocrx_word' id='word_1_179' title='bbox 559 2491 703 2551; x_wconf 86' lang='lat' dir='ltr'>referente</span> <span class='ocrx_word' id='word_1_180' title='bbox 725 2487 898 2551; x_wconf 71' lang='lat' dir='ltr'>cruentum?</span> 
     </span>
    </p>

    <p class='ocr_par' dir='ltr' id='par_1_28' title="bbox 85 2574 1151 2656">
     <span class='ocr_line' id='line_1_29' title="bbox 85 2574 1151 2656; baseline -0.004 -20"><span class='ocrx_word' id='word_1_181' title='bbox 85 2584 147 2636; x_wconf 91' lang='lat' dir='ltr'>tum</span> <span class='ocrx_word' id='word_1_182' title='bbox 170 2593 238 2636; x_wconf 85' lang='lat' dir='ltr'>vero</span> <span class='ocrx_word' id='word_1_183' title='bbox 260 2574 372 2635; x_wconf 85' lang='lat' dir='ltr'>iuvenis</span> <span class='ocrx_word' id='word_1_184' title='bbox 393 2574 515 2636; x_wconf 85' lang='lat' dir='ltr'>Nereius</span> <span class='ocrx_word' id='word_1_185' title='bbox 536 2574 634 2635; x_wconf 91' lang='lat' dir='ltr'>omnia</span> <span class='ocrx_word' id='word_1_186' title='bbox 655 2575 775 2656; x_wconf 87' lang='lat' dir='ltr'>quaerit,</span> <span class='ocrx_word' id='word_1_187' title='bbox 1107 2581 1151 2632; x_wconf 69' lang='lat' dir='ltr'>oss</span> 
     </span>
    </p>

    <p class='ocr_par' dir='ltr' id='par_1_29' title="bbox 86 2659 944 2741">
     <span class='ocr_line' id='line_1_30' title="bbox 86 2659 944 2741; baseline -0.006 -19"><span class='ocrx_word' id='word_1_188' title='bbox 86 2679 140 2722; x_wconf 92' lang='lat' dir='ltr'>cur</span> <span class='ocrx_word' id='word_1_189' title='bbox 160 2661 198 2722; x_wconf 90' lang='lat' dir='ltr'>sit</span> <span class='ocrx_word' id='word_1_190' title='bbox 220 2668 249 2720; x_wconf 86' lang='lat' dir='ltr'>et</span> <span class='ocrx_word' id='word_1_191' title='bbox 270 2660 348 2720; x_wconf 91' lang='lat' dir='ltr'>unde</span> <span class='ocrx_word' id='word_1_192' title='bbox 370 2659 479 2735; x_wconf 86' lang='lat' dir='ltr'>datum,</span> <span class='ocrx_word' id='word_1_193' title='bbox 502 2660 568 2741; x_wconf 90' lang='lat' dir='ltr'>quis</span> <span class='ocrx_word' id='word_1_194' title='bbox 588 2659 660 2720; x_wconf 89' lang='lat' dir='ltr'>tanti</span> <span class='ocrx_word' id='word_1_195' title='bbox 682 2659 811 2720; x_wconf 92' lang='lat' dir='ltr'>muneris</span> <span class='ocrx_word' id='word_1_196' title='bbox 832 2667 944 2719; x_wconf 89' lang='lat' dir='ltr'>auctor.</span> 
     </span>
    </p>

    <p class='ocr_par' dir='ltr' id='par_1_30' title="bbox 86 2742 997 2825">
     <span class='ocr_line' id='line_1_31' title="bbox 86 2742 997 2825; baseline -0.003 -20"><span class='ocrx_word' id='word_1_197' title='bbox 86 2763 161 2825; x_wconf 92' lang='lat' dir='ltr'>quae</span> <span class='ocrx_word' id='word_1_198' title='bbox 182 2745 265 2824; x_wconf 83' lang='lat' dir='ltr'>petit,</span> <span class='ocrx_word' id='word_1_199' title='bbox 288 2744 336 2806; x_wconf 90' lang='lat' dir='ltr'>ille</span> <span class='ocrx_word' id='word_1_200' title='bbox 357 2744 455 2805; x_wconf 80' lang='lat' dir='ltr'>refert</span> <span class='ocrx_word' id='word_1_201' title='bbox 498 2744 548 2806; x_wconf 90' lang='lat' dir='ltr'>sed</span> <span class='ocrx_word' id='word_1_202' title='bbox 571 2745 648 2806; x_wconf 92' lang='lat' dir='ltr'>enim</span> <span class='ocrx_word' id='word_1_203' title='bbox 670 2762 787 2805; x_wconf 89' lang='lat' dir='ltr'>narrare</span> <span class='ocrx_word' id='word_1_204' title='bbox 812 2742 917 2824; x_wconf 92' lang='lat' dir='ltr'>pudori</span> <span class='ocrx_word' id='word_1_205' title='bbox 941 2748 997 2813; x_wconf 82' lang='lat' dir='ltr'>est,</span> 
     </span>
    </p>

    <p class='ocr_par' dir='ltr' id='par_1_31' title="bbox 1045 2838 1093 2890">
     <span class='ocr_line' id='line_1_32' title="bbox 1045 2838 1093 2890; baseline 0 0"><span class='ocrx_word' id='word_1_206' title='bbox 1045 2838 1093 2890; x_wconf 92' lang='lat' dir='ltr'>ni¹</span> 
     </span>
    </p>
   </div>
   <div class='ocr_carea' id='block_1_3' title="bbox 152 2859 1149 3048">
    <p class='ocr_par' dir='ltr' id='par_1_32' title="bbox 152 2859 1149 3048">
     <span class='ocr_line' id='line_1_33' title="bbox 152 2859 1149 2980; baseline -0.007 -15"><span class='ocrx_word' id='word_1_207' title='bbox 152 2914 202 2966; x_wconf 79' lang='grc'>668</span> <span class='ocrx_word' id='word_1_208' title='bbox 220 2913 228 2964; x_wconf 96' lang='lat' dir='ltr'>i</span> <span class='ocrx_word' id='word_1_209' title='bbox 246 2916 271 2963; x_wconf 91' lang='lat' dir='ltr'>te</span> <span class='ocrx_word' id='word_1_210' title='bbox 289 2908 322 2963; x_wconf 67' lang='grc' dir='ltr'>λ’</span> <span class='ocrx_word' id='word_1_211' title='bbox 373 2909 458 2964; x_wconf 89' lang='lat' dir='ltr'>istihl</span> <span class='ocrx_word' id='word_1_212' title='bbox 509 2859 646 2980; x_wconf 55' lang='lat' dir='ltr'>sequgntnr</span> <span class='ocrx_word' id='word_1_213' title='bbox 661 2908 704 2961; x_wconf 74' lang='grc' dir='ltr'>Μ1</span> <span class='ocrx_word' id='word_1_214' title='bbox 755 2913 908 2966; x_wconf 78' lang='lat' dir='ltr'>secunlnrc</span> <span class='ocrx_word' id='word_1_215' title='bbox 961 2910 1012 2962; x_wconf 87' lang='grc'>660</span> <span class='ocrx_word' id='word_1_216' title='bbox 1030 2905 1105 2975; x_wconf 69' lang='lat' dir='ltr'>c&#39;llllpn</span> <span class='ocrx_word' id='word_1_217' title='bbox 1123 2905 1149 2959; x_wconf 97' lang='grc' dir='ltr'><strong>Μ</strong></span> 
     </span>
     <span class='ocr_line' id='line_1_34' title="bbox 165 2992 1089 3048; baseline -0.004 0"><span class='ocrx_word' id='word_1_218' title='bbox 165 2998 197 3048; x_wconf 88' lang='lat' dir='ltr'>u¹</span> <span class='ocrx_word' id='word_1_219' title='bbox 1038 2992 1089 3045; x_wconf 91' lang='lat' dir='ltr'>ne¹</span> 
     </span>
    </p>
   </div>
   <div class='ocr_carea' id='block_1_4' title="bbox 83 3059 1159 3506">
    <p class='ocr_par' dir='ltr' id='par_1_33' title="bbox 83 3059 1159 3506">
     <span class='ocr_line' id='line_1_35' title="bbox 84 3059 1159 3128; baseline -0.001 -11"><span class='ocrx_word' id='word_1_220' title='bbox 84 3063 232 3118; x_wconf 85' lang='lat' dir='ltr'>mutatoshl</span> <span class='ocrx_word' id='word_1_221' title='bbox 281 3065 523 3117; x_wconf 80' lang='lat' dir='ltr'>austrnmci.l’olfe</span> <span class='ocrx_word' id='word_1_222' title='bbox 575 3064 754 3119; x_wconf 73' lang='lat' dir='ltr'>counitione</span> <span class='ocrx_word' id='word_1_223' title='bbox 799 3060 926 3128; x_wconf 87' lang='lat' dir='ltr'>optimaC</span> <span class='ocrx_word' id='word_1_224' title='bbox 978 3062 1027 3113; x_wconf 80' lang='lat' dir='ltr'>set</span> <span class='ocrx_word' id='word_1_225' title='bbox 1075 3059 1159 3127; x_wconf 62' lang='lat' dir='ltr'>Wlffli-</span> 
     </span>
     <span class='ocr_line' id='line_1_36' title="bbox 84 3125 1148 3200; baseline -0.005 -15"><span class='ocrx_word' id='word_1_226' title='bbox 84 3133 110 3186; x_wconf 98' lang='grc' dir='ltr'><strong>Μ</strong></span> <span class='ocrx_word' id='word_1_227' title='bbox 128 3135 176 3198; x_wconf 86' lang='lat' dir='ltr'>(er.</span> <span class='ocrx_word' id='word_1_228' title='bbox 193 3135 230 3196; x_wconf 83' lang='lat' dir='ltr'>la)</span> <span class='ocrx_word' id='word_1_229' title='bbox 298 3135 345 3184; x_wconf 81' lang='grc'>666</span> <span class='ocrx_word' id='word_1_230' title='bbox 364 3131 476 3199; x_wconf 89' lang='lat' dir='ltr'>pallente</span> <span class='ocrx_word' id='word_1_231' title='bbox 493 3132 649 3200; x_wconf 66' lang='lat' dir='ltr'>expellenti</span> <span class='ocrx_word' id='word_1_232' title='bbox 666 3131 692 3184; x_wconf 97' lang='grc' dir='ltr'><strong>Μ</strong></span> <span class='ocrx_word' id='word_1_233' title='bbox 743 3130 848 3197; x_wconf 75' lang='lat' dir='ltr'>grandin</span> <span class='ocrx_word' id='word_1_234' title='bbox 866 3125 899 3179; x_wconf 83' lang='lat' dir='ltr'>l¹</span> <span class='ocrx_word' id='word_1_235' title='bbox 964 3131 1015 3181; x_wconf 93' lang='grc'>666</span> <span class='ocrx_word' id='word_1_236' title='bbox 1034 3127 1148 3195; x_wconf 82' lang='lat' dir='ltr'>pallanta</span> 
     </span>
     <span class='ocr_line' id='line_1_37' title="bbox 83 3211 1149 3354; baseline -0.007 -15"><span class='ocrx_word' id='word_1_237' title='bbox 83 3286 126 3339; x_wconf 76' lang='grc' dir='ltr'>ΜΙ</span> <span class='ocrx_word' id='word_1_238' title='bbox 196 3286 322 3354; x_wconf 79' lang='lat' dir='ltr'>pallanteo</span> <span class='ocrx_word' id='word_1_239' title='bbox 339 3285 384 3337; x_wconf 66' lang='grc' dir='ltr'>Μ’</span> <span class='ocrx_word' id='word_1_240' title='bbox 451 3280 615 3354; x_wconf 72' lang='lat' dir='ltr'>patillantel</span> <span class='ocrx_word' id='word_1_241' title='bbox 682 3286 730 3338; x_wconf 87' lang='grc'>669</span> <span class='ocrx_word' id='word_1_242' title='bbox 749 3277 910 3349; x_wconf 80' lang='lat' dir='ltr'>regebantf</span> <span class='ocrx_word' id='word_1_243' title='bbox 978 3211 1149 3333; x_wconf 48' lang='lat' dir='ltr'>niolrlrirbanta</span> 
     </span>
     <span class='ocr_line' id='line_1_38' title="bbox 84 3368 1147 3506; baseline -0.008 -10"><span class='ocrx_word' id='word_1_244' title='bbox 84 3444 133 3496; x_wconf 80' lang='lat' dir='ltr'>blf</span> <span class='ocrx_word' id='word_1_245' title='bbox 150 3370 289 3503; x_wconf 56' lang='lat' dir='ltr'>inellpplqp</span> <span class='ocrx_word' id='word_1_246' title='bbox 306 3437 332 3490; x_wconf 92' lang='grc' dir='ltr'><strong>Μ</strong></span> <span class='ocrx_word' id='word_1_247' title='bbox 402 3440 451 3493; x_wconf 76' lang='grc' dir='ltr'>6ῖ9</span> <span class='ocrx_word' id='word_1_248' title='bbox 468 3438 568 3506; x_wconf 79' lang='lat' dir='ltr'>ignoret</span> <span class='ocrx_word' id='word_1_249' title='bbox 584 3437 610 3490; x_wconf 94' lang='grc' dir='ltr'><strong>Μ</strong></span> <span class='ocrx_word' id='word_1_250' title='bbox 666 3440 714 3491; x_wconf 87' lang='grc'>686</span> <span class='ocrx_word' id='word_1_251' title='bbox 732 3368 846 3505; x_wconf 55' lang='lat' dir='ltr'>qunti</span> <span class='ocrx_word' id='word_1_252' title='bbox 862 3434 991 3487; x_wconf 86' lang='lat' dir='ltr'>mnffneris</span> <span class='ocrx_word' id='word_1_253' title='bbox 1010 3433 1035 3485; x_wconf 95' lang='grc' dir='ltr'><strong>Μ</strong></span> <span class='ocrx_word' id='word_1_254' title='bbox 1098 3436 1147 3488; x_wconf 84' lang='grc'>687</span> 
     </span>
    </p>
   </div>
   <div class='ocr_carea' id='block_1_5' title="bbox 84 3522 1147 3674">
    <p class='ocr_par' dir='ltr' id='par_1_34' title="bbox 84 3522 1147 3674">
     <span class='ocr_line' id='line_1_39' title="bbox 84 3522 1147 3674; baseline -0.007 -29"><span class='ocrx_word' id='word_1_255' title='bbox 84 3593 158 3660; x_wconf 90' lang='lat' dir='ltr'>qnae]</span> <span class='ocrx_word' id='word_1_256' title='bbox 183 3591 252 3660; x_wconf 90' lang='lat' dir='ltr'>qnod</span> <span class='ocrx_word' id='word_1_257' title='bbox 273 3610 287 3643; x_wconf 83' lang='lat' dir='ltr'>e</span> <span class='ocrx_word' id='word_1_258' title='bbox 354 3591 399 3644; x_wconf 90' lang='lat' dir='ltr'>sed</span> <span class='ocrx_word' id='word_1_259' title='bbox 417 3591 535 3644; x_wconf 85' lang='lat' dir='ltr'>eninr-ei.</span> <span class='ocrx_word' id='word_1_260' title='bbox 551 3589 651 3642; x_wconf 79' lang='lat' dir='ltr'>dferfsel</span> <span class='ocrx_word' id='word_1_261' title='bbox 711 3522 834 3674; x_wconf 56' lang='lat' dir='ltr'>&amp;caetero</span> <span class='ocrx_word' id='word_1_262' title='bbox 853 3591 925 3654; x_wconf 83' lang='lat' dir='ltr'>(post</span> <span class='ocrx_word' id='word_1_263' title='bbox 942 3603 956 3639; x_wconf 85' lang='lat' dir='ltr'>a</span> <span class='ocrx_word' id='word_1_264' title='bbox 975 3604 1011 3638; x_wconf 75' lang='lat' dir='ltr'>en</span> <span class='ocrx_word' id='word_1_265' title='bbox 1027 3602 1045 3639; x_wconf 92' lang='lat' dir='ltr'>n</span> <span class='ocrx_word' id='word_1_266' title='bbox 1063 3602 1100 3639; x_wconf 87' lang='lat' dir='ltr'>m.</span> <span class='ocrx_word' id='word_1_267' title='bbox 1116 3585 1147 3649; x_wconf 80' lang='lat'>2)</span> 
     </span>
    </p>
   </div>
   <div class='ocr_carea' id='block_1_6' title="bbox 83 3681 1148 3812">
    <p class='ocr_par' dir='ltr' id='par_1_35' title="bbox 83 3681 1148 3812">
     <span class='ocr_line' id='line_1_40' title="bbox 83 3681 1148 3812; baseline -0.01 -14"><span class='ocrx_word' id='word_1_268' title='bbox 83 3681 183 3798; x_wconf 52' lang='lat' dir='ltr'>omre</span> <span class='ocrx_word' id='word_1_269' title='bbox 200 3743 316 3812; x_wconf 84' lang='lat' dir='ltr'>pudorifff</span> <span class='ocrx_word' id='word_1_270' title='bbox 332 3742 358 3795; x_wconf 95' lang='grc' dir='ltr'><strong>Μ</strong></span> <span class='ocrx_word' id='word_1_271' title='bbox 410 3749 435 3796; x_wconf 89' lang='lat' dir='ltr'>et</span> <span class='ocrx_word' id='word_1_272' title='bbox 453 3747 536 3796; x_wconf 83' lang='lat' dir='ltr'>celera</span> <span class='ocrx_word' id='word_1_273' title='bbox 554 3747 613 3795; x_wconf 82' lang='lat' dir='ltr'>nota</span> <span class='ocrx_word' id='word_1_274' title='bbox 630 3741 726 3810; x_wconf 91' lang='lat' dir='ltr'>pudore</span> <span class='ocrx_word' id='word_1_275' title='bbox 744 3759 771 3804; x_wconf 72' lang='grc' dir='ltr'>σς</span> <span class='ocrx_word' id='word_1_276' title='bbox 789 3744 818 3793; x_wconf 84' lang='lat' dir='ltr'>in</span> <span class='ocrx_word' id='word_1_277' title='bbox 835 3757 907 3808; x_wconf 72' lang='lat' dir='ltr'>epa.</span> <span class='ocrx_word' id='word_1_278' title='bbox 919 3755 976 3792; x_wconf 84' lang='lat' dir='ltr'>cnr.</span> <span class='ocrx_word' id='word_1_279' title='bbox 990 3739 1047 3790; x_wconf 84' lang='lat' dir='ltr'>leof.</span> <span class='ocrx_word' id='word_1_280' title='bbox 1065 3738 1148 3790; x_wconf 80' lang='lat' dir='ltr'>boec:</span> 
     </span>
    </p>
   </div>
   <div class='ocr_carea' id='block_1_7' title="bbox 82 3806 1147 3947">
    <p class='ocr_par' dir='ltr' id='par_1_36' title="bbox 82 3806 1147 3947">
     <span class='ocr_line' id='line_1_41' title="bbox 82 3806 1147 3882; baseline -0.009 -16"><span class='ocrx_word' id='word_1_281' title='bbox 82 3812 93 3865; x_wconf 94' lang='lat' dir='ltr'>l</span> <span class='ocrx_word' id='word_1_282' title='bbox 110 3829 161 3882; x_wconf 91' lang='lat' dir='ltr'>qne</span> <span class='ocrx_word' id='word_1_283' title='bbox 178 3813 274 3880; x_wconf 83' lang='lat' dir='ltr'>patitur</span> <span class='ocrx_word' id='word_1_284' title='bbox 284 3840 290 3852; x_wconf 92' lang='lat'><strong>·</strong></span> <span class='ocrx_word' id='word_1_285' title='bbox 301 3811 383 3879; x_wconf 89' lang='lat' dir='ltr'>pudor</span> <span class='ocrx_word' id='word_1_286' title='bbox 399 3813 443 3865; x_wconf 89' lang='lat' dir='ltr'>ille</span> <span class='ocrx_word' id='word_1_287' title='bbox 460 3811 536 3863; x_wconf 85' lang='lat' dir='ltr'>refert</span> <span class='ocrx_word' id='word_1_288' title='bbox 553 3815 579 3862; x_wconf 87' lang='lat' dir='ltr'>et</span> <span class='ocrx_word' id='word_1_289' title='bbox 595 3816 677 3863; x_wconf 86' lang='lat' dir='ltr'>cetera</span> <span class='ocrx_word' id='word_1_290' title='bbox 695 3813 789 3870; x_wconf 84' lang='lat' dir='ltr'>narrut;</span> <span class='ocrx_word' id='word_1_291' title='bbox 807 3810 943 3861; x_wconf 78' lang='lat' dir='ltr'>Bentletus</span> <span class='ocrx_word' id='word_1_292' title='bbox 960 3806 1074 3858; x_wconf 84' lang='lat' dir='ltr'>delendo</span> <span class='ocrx_word' id='word_1_293' title='bbox 1087 3821 1147 3858; x_wconf 86' lang='lat' dir='ltr'>een-</span> 
     </span>
     <span class='ocr_line' id='line_1_42' title="bbox 82 3873 1146 3947; baseline -0.006 -15"><span class='ocrx_word' id='word_1_294' title='bbox 82 3886 151 3935; x_wconf 80' lang='lat' dir='ltr'>suit:</span> <span class='ocrx_word' id='word_1_295' title='bbox 168 3880 213 3934; x_wconf 87' lang='lat' dir='ltr'>sed</span> <span class='ocrx_word' id='word_1_296' title='bbox 231 3880 419 3947; x_wconf 88' lang='lat' dir='ltr'>enirn-silet,</span> <span class='ocrx_word' id='word_1_297' title='bbox 438 3881 571 3946; x_wconf 79' lang='lat' dir='ltr'>scribique</span> <span class='ocrx_word' id='word_1_298' title='bbox 587 3881 664 3930; x_wconf 77' lang='lat' dir='ltr'>iussit</span> <span class='ocrx_word' id='word_1_299' title='bbox 681 3894 706 3946; x_wconf 92' lang='lat' dir='ltr'>q.</span> <span class='ocrx_word' id='word_1_300' title='bbox 723 3894 749 3946; x_wconf 91' lang='lat' dir='ltr'>p.</span> <span class='ocrx_word' id='word_1_301' title='bbox 768 3878 819 3944; x_wconf 89' lang='lat' dir='ltr'>ille,</span> <span class='ocrx_word' id='word_1_302' title='bbox 839 3877 918 3930; x_wconf 88' lang='lat' dir='ltr'>refert</span> <span class='ocrx_word' id='word_1_303' title='bbox 935 3874 1064 3943; x_wconf 82' lang='lat' dir='ltr'>Cephalus</span> <span class='ocrx_word' id='word_1_304' title='bbox 1083 3878 1102 3928; x_wconf 90' lang='lat' dir='ltr'>t.</span> <span class='ocrx_word' id='word_1_305' title='bbox 1121 3873 1146 3927; x_wconf 96' lang='lat' dir='ltr'>d.</span> 
     </span>
    </p>
   </div>
   <div class='ocr_carea' id='block_1_8' title="bbox 0 0 1350 4230">
    <p class='ocr_par' dir='ltr' id='par_1_37' title="bbox 0 0 1350 4230">
     <span class='ocr_line' id='line_1_43' title="bbox 0 0 1350 4230; baseline 0 4"><span class='ocrx_word' id='word_1_306' title='bbox 0 0 1350 4230; x_wconf 95' lang='lat' dir='ltr'> </span> 
     </span>
    </p>
   </div>
  </div>
 </body>
</html>
