2692 4230
144 111 184 171 64
592 120 756 174 lamentat.

143 289 266 372 liquitur
287 301 317 354 et
338 311 425 355 caeco
449 292 588 374 paulatim
611 291 741 372 carpitur
763 293 835 371 igni.

144 386 174 437 et
196 396 293 457 ueque
315 378 374 439 iam
396 378 479 439 color
501 384 545 436 est
566 374 665 434 mixto.
681 375 808 438 candore
829 379 941 453 rubori,

144 480 200 523 neo
220 464 304 542 rigor
326 472 355 525 et
376 463 453 524 vires
475 471 504 520 et
525 477 600 538 quae
623 461 710 521 modo
734 459 793 522 risa
815 463 979 544 placebant,

145 566 200 608 nec
222 566 332 629 eorpus
353 552 495 618 remanet,
518 545 666 623 quondam
690 544 769 626 quod
790 559 936 610 amaverat
957 549 1049 613 Echo.

144 651 219 713 quae
241 643 338 694 tamen
361 639 396 693 ut
416 628 496 701 vidit,
519 629 650 706 quamvis
671 630 743 691 irata
765 647 947 713 memorque,

143 716 279 792 indoluit,
301 716 500 797 quotiensque
521 732 598 792 puer
619 713 793 775 miserabilis
811 709 908 778 ‘eheu’

142 801 264 876 dixerat,
286 801 359 861 baec
381 798 497 858 resonis
518 797 642 860 iterabat
662 800 784 860 vocibus
802 791 918 876 ‘eben';

143 904 270 967 cumque
292 901 364 946 suos
385 880 521 942 manibus
543 894 728 962 percusserat
750 883 799 944 ille
820 882 954 961 lacertos,

142 972 214 1032 baec
237 986 357 1049 quoque
378 966 516 1027 reddebat
539 967 668 1029 sonitum
691 967 841 1050 plangoris
862 970 998 1031 eundem.

143 1054 243 1115 ultima
266 1070 322 1113 vox
344 1050 459 1112 solitam
481 1050 536 1112 luit
558 1051 630 1114 baec
652 1053 813 1133 spectantis
836 1052 866 1113 in
889 1054 1008 1131 undam,

138 1133 211 1199 ‘beu
234 1137 342 1198 lrustra
364 1135 470 1197 dilecte
490 1131 590 1217 puerl'
614 1138 794 1218 totidemque
816 1137 928 1198 remisit
1172 1155 1215 1205 auo

141 1221 229 1282 verba
251 1221 345 1295 loebe,
369 1221 507 1301 dictoque
529 1220 592 1281 vale
610 1216 711 1283 ‘valel’
734 1221 833 1302 inquit
854 1230 883 1283 et
904 1221 996 1284 Echo.

141 1306 190 1367 ille
214 1315 302 1387 caput
324 1306 408 1368 viridi
431 1305 539 1369 lessum
563 1305 697 1368 submisit
720 1307 750 1369 in
773 1307 879 1383 berba3

140 1391 251 1452 lumina
274 1410 355 1454 mors
377 1392 484 1454 clausit
506 1392 617 1454 domini
640 1393 774 1455 mirantia
796 1393 928 1455 sormam.

141 1487 204 1537 tum
228 1496 412 1559 quoquam,
435 1488 589 1559 postquam
613 1491 658 1540 est
678 1481 794 1541 inlerna
817 1479 885 1540 sede
907 1488 1054 1560 receptus,

141 1563 171 1622 in
194 1561 295 1644 Stygia
318 1562 469 1644 spectabat
490 1583 574 1643 aqua.
593 1577 596 1582 ’
618 1564 758 1644 planxere
778 1581 896 1625 sorores

141 1646 243 1708 naides
264 1656 295 1707 et
316 1657 415 1708 sectos
433 1648 513 1708 fratri
537 1664 663 1726 posuere
685 1647 815 1728 capillos,

140 1731 316 1813 planxerunt
340 1731 477 1811 dryades:
502 1729 708 1810 plangentibus
730 1733 853 1793 adsonat
874 1732 965 1794 Echo.

140 1817 257 1895 iamque
279 1833 385 1894 rogum
408 1827 587 1895 quassasque
610 1816 687 1876 laces
710 1818 908 1897 feretrumque
929 1817 1087 1898 parabant:

140 1919 285 1979 nusquam
309 1918 419 1980 eorpus
441 1909 517 1973 erat;
542 1919 679 1961 croceum
701 1920 757 1981 pro
779 1919 905 1980 corpore
927 1902 1029 1963 liorem

141 1985 304 2058 inveniunt,
328 1985 407 2045 loliis
429 1985 557 2046 medium
580 1985 768 2064 cingentibus
788 1984 871 2045 albis.

225 2070 350 2149 Cognita
372 2089 419 2130 res
441 2071 573 2132 meritam
596 2071 652 2132 vati
675 2089 728 2152 per
749 2070 891 2131 Achaidas
914 2069 1003 2130 urbes

139 2155 276 2216 attulerat
300 2154 416 2229 lamam,
440 2174 609 2235 nomenque
631 2167 693 2217 erat
714 2155 834 2235 auguris
856 2155 970 2234 ingens

139 2239 254 2320 spernit
278 2240 456 2301 Echionides
478 2251 575 2302 tamen
598 2242 678 2302 bunc
700 2260 733 2302 ex
758 2240 896 2301 omnibus
919 2258 997 2303 unus

139 2335 327 2404 coratemptor
349 2342 489 2406 superum
513 2325 661 2386 Pentheus
684 2343 881 2406 praesagaque
903 2325 976 2386 ridet
1032 2356 1037 2383 r

138 2409 224 2470 rerba
247 2410 326 2471 senis
349 2409 545 2490 tenebrasque
568 2421 597 2471 et
619 2411 729 2472 cladem
752 2410 826 2471 lucis
847 2410 999 2491 ademptae

139 2493 237 2555 obicit.
283 2494 332 2555 ille
354 2513 475 2556 movens
497 2495 624 2557 albentia
647 2506 778 2576 tempora
800 2494 882 2556 canis

135 2572 237 2658 ‘quam
259 2578 329 2640 lelix
351 2598 440 2652 esses,
464 2581 488 2640 si
510 2592 542 2640 tu
565 2598 684 2660 quoque
706 2580 825 2641 luminis
847 2580 935 2641 buius

137 2658 237 2724 orbus'
262 2665 303 2724 ait
321 2659 430 2739 ‘lieres
454 2684 491 2725 ne
514 2665 654 2726 bacchica
677 2685 756 2727 sacra
778 2664 907 2726 videresl

138 2767 266 2828 namque
288 2749 352 2810 dies
374 2749 476 2825 aderit,
498 2769 585 2830 quarn
610 2769 669 2811 non
693 2750 797 2832 procul
818 2766 948 2829 auguror
971 2767 1044 2824 esse,

138 2853 195 2913 qua
218 2852 313 2895 novus
336 2834 395 2895 buo
416 2835 523 2908 veniat,
545 2835 644 2916 proles
666 2835 817 2907 Semeleia,
840 2834 938 2909 Liber,

139 2936 225 2998 quem
250 2918 305 2979 nisi
330 2920 507 3000 templorum
531 2920 623 2982 lucris
644 2921 779 3001 dignatus
801 2921 925 2993 bonore,

137 3003 217 3064 mille
239 3004 318 3065 lacer
340 3023 477 3085 spargere
501 3006 574 3066 locis
595 3017 625 3068 et
647 3007 789 3085 sanguiue
810 3005 895 3066 silvas

137 3088 267 3150 foedabis
291 3099 474 3172 matremque
495 3100 574 3152 tuam
597 3091 756 3170 matrisque
779 3107 905 3150 sorores.

137 3259 314 3393 ppppsscceerreen
358 3326 432 3378 .199
450 3341 526 3377 caeco
544 3325 632 3376 Heiar.
671 3325 779 3377 tectoll
854 3325 903 3376 493
922 3328 1053 3389 remanent
1069 3320 1095 3373 Μ
1158 3323 1206 3373 495

137 3387 283 3460 quotiefisq:
301 3391 327 3444 Μ
380 3391 568 3445 miserat-ilisB
623 3388 707 3445 treul
774 3393 824 3444 499
842 3388 926 3443 boul
993 3393 1043 3444 198
1061 3403 1164 3457 quoque
1181 3391 1207 3452 (o

136 3464 154 3512 τ’.
173 3466 208 3526 r.)
225 3461 250 3513 bl
304 3457 484 3528 plangentisl
546 3464 596 3513 599
615 3458 738 3512 [rustall
803 3462 848 3512 591
872 3457 928 3511 vale
946 3464 973 3511 et
990 3456 1103 3525 inquito
1158 3459 1207 3510 593

136 3581 214 3646 mors]
232 3595 292 3634 mox
309 3578 335 3631 Μ
370 3595 420 3633 nox
438 3581 526 3631 Heras
575 3583 627 3632 ’595
646 3545 752 3641 softlrres
769 3577 794 3628 Μ
847 3579 982 3631 5915εὲ55
1028 3574 1207 3643 imposuerec

137 3729 306 3784 51115115).
341 3729 447 3784 xvattttt
521 3733 570 3784 513
589 3746 619 3798 ες
641 3728 781 3784 aonidesbl
851 3732 900 3784 518
917 3659 1090 3781 ΜΜΜΜωι
1157 3729 1207 3780 519

124 3881 207 3927 qaam
223 3867 278 3917 iam
295 3866 366 3920 lrattd
383 3867 458 3933 {haul
475 3868 498 3932 e)
517 3887 531 3923 s
601 3868 649 3919 521
669 3798 798 3933 honorellli
815 3863 840 3916 Μ

604 3685 647 3743 clr,
