2692 4230
135 133 176 196 18
598 141 752 197 llli'lhllll.

133 311 182 374 cui
204 312 277 375 deus
296 305 340 376 ‘at
363 314 503 395 quoniam
526 313 657 377 coniunx
678 331 742 375 mea
764 332 824 377 non
846 324 932 399 potes
952 332 1026 390 esse,

133 397 222 460 arbor
244 399 302 461 eris
324 393 413 461 certe'
437 399 510 461 dixit
528 391 617 459 ‘mea
660 415 777 479 semper
798 400 949 464 habebunt

132 491 162 545 te
185 502 278 557 coma,
300 494 331 546 te
353 485 492 556 citharae,
513 491 543 543 te
565 490 694 557 uoauae,
708 482 800 557 laune,
822 487 987 566 pharetrae:

133 577 167 630 tu
189 569 314 630 ducibus
336 568 428 630 Latiis
448 566 554 638 aderis,
577 584 645 627 cum
667 567 741 629 laeta
764 568 945 651 triumphum
1161 577 1206 631 555

132 671 189 717 vox
210 663 295 716 canet
319 663 348 715 et
369 653 466 714 visent
487 649 592 728 longas
613 650 755 732 Capitolia
778 671 916 734 pompas:

132 738 267 820 postibus
288 738 430 818 Augustis
452 734 552 795 mdem
574 735 714 797 fidissima
735 743 835 797 costm

131 832 202 885 ante
224 824 304 884 iores
326 820 417 884 stabis
437 819 624 898 mediamque
645 820 766 881 tuebere
787 839 944 900 quercum:

131 917 224 989 utque
246 924 346 968 meum
368 902 498 966 intonsis
519 914 609 983 eaput
631 913 675 965 est
697 904 830 966 iuvenale
851 906 973 986 capillis,

131 1002 163 1054 tu
186 1010 306 1073 quoque
327 997 489 1071 perpetuos
510 1004 629 1068 semper
650 1006 720 1066 gere
741 989 852 1050 frondis
873 984 1019 1053 honores?
1082 978 1090 993 ’
1162 1002 1206 1055 555

131 1077 249 1139 linierat
269 1075 382 1135 Paean:
405 1072 490 1133 lactis
511 1072 600 1132 modo
622 1071 721 1133 laurea
743 1072 832 1135 ramis

131 1161 236 1224 adnuit
255 1168 348 1238 utque
371 1166 459 1238 eaput
480 1156 540 1218 risa
562 1168 608 1218 est
627 1157 752 1237 agimsae
772 1177 924 1221 cacumen.

216 1243 269 1304 Est
290 1260 397 1304 nemus
418 1240 609 1318 Haemoniae,
631 1253 789 1326 praerupte
811 1244 888 1326 quod
911 1242 1043 1324 undique
1064 1244 1173 1308 claudit

131 1328 218 1403 silva;
240 1337 347 1389 vocant
367 1327 489 1409 Tempe.
533 1346 588 1409 per
609 1347 686 1410 quae
706 1328 822 1392 Peneus
842 1330 879 1393 ah
901 1330 960 1392 imo

131 1413 242 1475 effosus
264 1412 359 1475 Pindo
382 1413 531 1494 spumosis
553 1413 679 1476 rolritur
698 1415 788 1477 undis
1161 1422 1206 1474 oto

130 1498 307 1579 deiectuque
329 1500 409 1578 gravi
431 1507 537 1560 tenues
558 1499 697 1577 agitantia
719 1500 815 1561 fumos

131 1583 231 1646 uuhila
255 1583 395 1645 conducit
417 1583 601 1664 summisque
621 1585 778 1665 aspergine
798 1584 878 1646 silvis

131 1669 241 1751 inpluit
262 1678 292 1730 et
313 1668 413 1730 sonitu
436 1668 504 1749 plus
527 1685 614 1749 quam
637 1669 731 1730 ricina
754 1668 864 1748 fatigat

130 1754 203 1815 haec
225 1756 341 1823 domus,
363 1753 553 1826 hereredes,
575 1754 648 1814 haec
670 1763 741 1814 attnt
761 1751 920 1835 penetralia
942 1752 1041 1832 magni

130 1839 242 1913 amnis3
266 1838 297 1899 in
320 1837 376 1908 his,
398 1837 531 1898 residens
553 1837 631 1897 lacto
653 1838 691 1898 de
712 1836 846 1899 cautibus
866 1846 961 1911 antro,
1161 1847 1205 1896 575

130 1923 219 1984 undis
241 1923 306 1982 iura
327 1921 416 1982 dabat
438 1920 637 2000 nymphisque
659 1920 826 1983 colentibus
847 1923 949 1983 undas.

131 2007 313 2068 conveniunt
334 2005 404 2066 illuc
428 2004 581 2085 popularia
603 2005 725 2066 flumina
747 2006 884 2086 primum,

130 2092 240 2164 nescia,
262 2099 417 2170 gratentur
439 2089 671 2151 consolenturne
693 2099 853 2170 parentem,

129 2176 279 2258 populifer
301 2175 461 2255 Sperchios
483 2187 513 2236 et
533 2175 718 2254 inrequietus
740 2175 870 2256 Enipeus

129 2261 340 2342 Apidanusque
362 2278 452 2321 senex
475 2259 610 2339 lenisque
632 2261 813 2340 Amphrysos
839 2272 868 2321 et
889 2261 973 2333 deas,
1161 2270 1205 2321 555

129 2364 257 2426 moxque
279 2363 382 2406 amnes
404 2344 463 2419 alii,
487 2345 537 2424 qui
561 2363 619 2424 qua
641 2343 708 2406 tulit
729 2346 856 2425 impetus
877 2344 952 2419 illos,

129 2432 160 2492 in
183 2448 264 2492 mare
285 2429 437 2491 deducunt
458 2430 550 2490 fessas
573 2428 723 2490 erroribus
744 2431 847 2492 undas.

129 2515 256 2576 Inachus
277 2533 357 2575 unus
377 2514 460 2576 abest
481 2515 601 2593 imoque
623 2515 792 2576 reconditus
812 2524 896 2576 antro

130 2600 248 2661 lletihns
269 2609 357 2678 auget
378 2617 470 2679 aquas
492 2608 650 2679 natamque
671 2600 852 2661 miserrimos
873 2600 905 2660 lo

130 2684 211 2764 luget
232 2694 265 2747 ut
287 2686 434 2746 amissam.
480 2684 583 2756 nescit,
606 2684 703 2745 vitane
724 2686 848 2756 fruatur,
1159 2694 1203 2746 555

129 2789 166 2832 an
189 2770 228 2832 sit
248 2770 327 2850 apud
349 2787 468 2843 manes;
492 2769 542 2829 sed
566 2787 653 2848 quam
676 2788 736 2831 non
759 2769 869 2830 inrenit
890 2787 1024 2850 usquam,

131 2875 194 2917 esse
215 2864 298 2937 putat
322 2873 467 2935 nusquam
490 2862 579 2934 atque
600 2855 699 2915 animo
722 2855 821 2936 peiora
845 2864 969 2916 veretur.

128 2940 240 3002 viderat
260 2959 276 3002 a
299 2939 396 3021 patrio
418 2941 591 3001 redeuntem
614 2939 748 3020 luppiter
769 2938 848 3000 illam

130 3025 253 3086 flumine
274 3035 304 3085 et
322 3017 353 3084 ‘o
376 3025 459 3104 virgo
480 3022 549 3085 love
570 3023 659 3103 digna
681 3033 793 3104 tuoque
815 3023 932 3085 beatum

130 3110 230 3172 nescio
255 3128 343 3190 quem
367 3112 479 3171 lactura
502 3117 578 3182 toro,
600 3100 676 3189 pete'
700 3109 811 3171 dixerat
829 3102 962 3170 ‘umbras
1158 3116 1202 3167 595

199 3347 249 3399 558
264 3359 321 3396 mea
338 3343 401 3396 dixit
417 3362 432 3400 ς
476 3346 526 3396 560
541 3342 778 3397 Lntiisemdder‘ar.
796 3342 902 3395 taenea
944 3339 1005 3407 5le
1012 3341 1102 3408 longas
1115 3341 1201 3393 visent

129 3431 144 3464 a
179 3415 228 3466 554
247 3412 393 3469 iuveniles
428 3415 476 3465 565
496 3415 576 3497 utque
594 3417 719 3479 creatque
735 3410 761 3463 hl
790 3410 1032 3479 atque-risum?
1065 3411 1115 3461 552
1134 3423 1203 3462 surn-

131 3491 260 3616 nlliqiqw
271 3489 344 3600 rugi}
361 3546 387 3598 ll
445 3549 495 3600 553
514 3493 616 3613 immi
633 3544 659 3597 ll
682 3547 746 3611 (ree.
762 3561 834 3598 mon.
850 3549 964 3597 mutauit
987 3548 1017 3596 in
1042 3544 1137 3609 inlinit)
1154 3544 1202 3596 in-

131 3615 216 3673 duite
258 3617 308 3668 555
329 3611 446 3679 inlati
487 3617 539 3668 559
556 3614 727 3681 spercheose
753 3613 914 3682 eniplreuaC
943 3613 1107 3682 enypheuse
1148 3615 1199 3665 580

131 3683 340 3752 eridanusqueh
371 3687 493 3735 correxit
509 3682 594 3749 Rapit.
613 3681 711 3748 llegiua
758 3681 918 3750 amphriatnl
932 3684 959 3745 (o
975 3698 1011 3732 η
1027 3683 1054 3746 a)
1071 3679 1097 3732 Μ
1150 3682 1198 3733 581

131 3834 183 3887 que
194 3835 282 3935 ἔξω
325 3820 375 3873 583
394 3835 496 3887 unoque
514 3769 550 3870 1.1
566 3781 676 3886 ἶιῗὲᾳςε
727 3821 775 3873 585
800 3817 871 3884 luget
893 3817 952 3884 wisel
973 3815 999 3868 ll
1053 3818 1101 3870 585
1124 3820 1202 3882 atque

123 3901 176 3935 om.
