2692 4230
103 127 165 189 202
489 183 492 189 .
561 133 715 189 mutauit
852 151 959 190 nunnae.
988 151 1179 191 incunctante

102 302 180 366 vecie
201 303 266 380 iter,
290 306 362 370 talea
383 303 509 368 effundit
531 303 562 364 iu
584 313 652 365 aem
674 315 812 384 queatua:

104 386 207 469 „siqua
227 389 300 453 fidea
321 390 449 464 miserie,
470 389 529 450 huc
550 405 599 448 me
620 404 676 467 pen
697 388 820 453 numina
841 391 907 453 ium

103 491 163 535 nnn
184 475 328 537 meruisse
350 474 448 536 netas:
472 469 568 552 patior
589 469 656 532 aine
677 470 801 533 crimine
823 493 959 555 poenam.

103 557 225 620 viximus
246 559 410 620 innocuaec
433 554 459 617 ai
483 554 621 631 mentior,
643 554 723 617 arida
754 558 873 638 perdam

103 661 175 722 quaa
195 641 289 705 habeo
310 639 434 703 frondea
455 648 485 701 ct
506 657 590 702 caesa
616 638 770 703 securibus
791 659 868 704 urar.

101 727 182 788 hunc
205 738 301 788 tamen
324 724 468 786 infantem
489 725 631 787 maternis
652 723 760 786 demite
785 727 874 787 ramis

102 821 132 872 et
151 811 217 873 date
240 809 362 880 nutrici3
387 818 550 890 nostraque
571 809 628 872 sub
650 809 757 872 arbore
777 827 866 889 eaepe

101 893 146 956 lac
167 895 284 956 facitote
305 893 387 955 bibat
409 903 570 975 nostraque
591 895 647 957 sub
669 894 774 956 arbore
798 891 889 955 ludat

100 997 227 1058 cumque
248 977 331 1057 inqui
352 978 471 1058 poterit,
494 989 617 1042 matrem
640 979 759 1042 facitote
779 978 886 1040 salutet

101 1073 131 1125 et
152 1061 243 1123 tristis
264 1062 341 1123 dicat
363 1062 455 1138 „latet
474 1063 534 1125 hec
554 1063 585 1126 in
607 1065 709 1147 stipite
729 1065 852 1126 mater.“

101 1158 202 1223 stagna
224 1156 321 1207 tamen
344 1145 446 1209 timeat
467 1166 524 1210 nec
544 1159 647 1231 carpat
667 1149 704 1212 ab
726 1148 831 1212 arbore
852 1148 942 1210 fleres

101 1240 131 1292 et
150 1229 272 1291 frutices
293 1249 397 1293 omnes
419 1251 530 1315 corpus
551 1244 636 1316 putet
657 1253 723 1297 esse
744 1235 874 1296 dearum.

101 1332 167 1377 care
189 1313 251 1376 vale
273 1315 414 1391 coniunx,
436 1326 530 1395 etin,
552 1338 702 1398 germana,
728 1318 887 1400 paterque!

101 1398 161 1480 qui,
184 1398 267 1480 siqua
289 1411 334 1463 eat
353 1401 457 1483 pictae,
478 1403 516 1465 ab
538 1412 641 1466 acutae
664 1404 784 1465 vulnere
806 1404 897 1479 iaicis,

99 1503 116 1546 a
138 1484 255 1565 pecoris
276 1504 378 1549 munau
399 1489 522 1550 frondea
543 1487 692 1550 defendite
714 1497 839 1550 nostrae.

100 1579 129 1631 et
149 1570 288 1650 quoniam
311 1571 383 1632 mini
405 1572 450 1633 iae
470 1573 507 1634 ad
530 1589 582 1633 vua
602 1570 777 1633 incumbere
798 1589 860 1632 non
883 1583 936 1646 eet,

38 1676 41 1684 ·
101 1653 284 1733 erigitehuc
305 1666 388 1717 artue
409 1655 497 1717 etad
520 1653 620 1716 nacula
643 1663 743 1725 nostra
765 1655 873 1728 venite,

99 1741 168 1802 dunt
191 1738 270 1816 tangi
292 1757 425 1819 possum,
447 1756 630 1820 parvumque
652 1737 777 1800 attollite
799 1750 909 1800 natum.

99 1823 183 1904 plura
204 1821 287 1902 loqui
309 1841 437 1902 nequeo.
482 1841 550 1884 nam
574 1822 631 1885 iam
655 1822 853 1904 percandida
876 1821 974 1884 mollis

98 1906 174 1968 colla
195 1905 271 1968 liber
291 1907 394 1988 serpit,
417 1925 594 1988 summoque
616 1907 770 1970 cacumine
792 1907 914 1969 condor.

100 2010 135 2052 ex
156 1990 250 2052 oculis
271 2002 420 2054 removete
441 2011 558 2055 manua.
601 1993 669 2054 eine
690 2011 814 2055 munere
840 2004 935 2054 vestro

100 2086 236 2155 contegat
256 2075 395 2139 inductus
418 2077 574 2139 morientia
595 2077 709 2139 lumina
737 2080 868 2138 contex.“

100 2161 246 2222 desiccant
266 2161 355 2223 simul
377 2181 428 2223 ora
450 2161 544 2242 loqui,
566 2161 656 2223 simul
678 2181 757 2223 esse:
781 2161 890 2242 dinque

99 2264 223 2326 corpure
244 2255 357 2308 mutato
380 2245 454 2307 rami
477 2245 594 2308 caluere
619 2245 773 2308 recentes?

183 2330 318 2410 Dumque
340 2329 433 2391 refert
453 2329 515 2391 lule
537 2330 646 2393 iactum
669 2329 812 2404 mirabile,
835 2331 965 2410 duutque

99 2414 253 2493 Eurytides
274 2415 411 2476 lacrimas
431 2415 550 2477 admotu
572 2415 680 2496 pollice
702 2416 791 2477 siccat

98 2499 247 2573 Alcmene,
269 2501 334 2572 (det
354 2509 385 2561 ct
405 2500 470 2581 ipsa
491 2508 601 2576 manen)
623 2501 798 2580 conpescuit
820 2517 938 2560 omnem

97 2603 144 2646 res
167 2603 240 2645 nuta
263 2583 419 2646 tristitiam.
464 2603 531 2646 nam
553 2584 657 2646 limine
679 2584 813 2646 constitit
836 2584 896 2644 altu

97 2687 191 2749 paene
214 2688 288 2748 puer
309 2668 459 2748 dubiaque
480 2681 585 2747 tegens
606 2669 748 2749 lanugine
770 2668 861 2730 malas

98 2771 148 2814 ora
170 2754 346 2815 reformatus
367 2753 482 2834 primes
503 2752 603 2815 luleus
624 2755 656 2815 in
678 2772 783 2814 anuos.

97 2838 154 2899 hoc
175 2837 217 2899 itti
239 2838 361 2900 dederat
381 2837 508 2899 Iunonia
530 2840 665 2900 muneris
687 2837 780 2911 Hebe,

98 2921 172 2984 victa
195 2922 246 2983 viri
271 2921 419 3003 precibus.
464 2941 629 3003 quaecum
652 2923 750 2984 iurare
773 2933 888 3002 pararet

98 3009 175 3070 dena
197 3006 373 3070 tributuram
396 3007 567 3088 posthunc
588 3026 621 3069 ae
644 3007 711 3069 talia
733 3008 817 3080 nulli,

98 3110 158 3154 non
180 3102 225 3154 est
245 3111 332 3174 passa
353 3091 484 3152 Themin
525 3083 608 3153 ‘nant
630 3092 688 3152 iam
711 3090 855 3154 discordia
876 3089 995 3151 Thebae

98 3177 172 3238 bella
194 3173 321 3239 mutent'
345 3175 428 3249 dixit,
447 3168 676 3257 ‘Capaneusqne
698 3176 754 3237 nisi
776 3176 813 3237 ab
836 3175 904 3236 leve
928 3172 1031 3235 tinci⁴
1128 3182 1171 3231 tue

163 3328 210 3378 att
232 3289 348 3378 iuuditd
401 3328 452 3379 333
470 3341 598 3394 pneuaea
655 3328 706 3378 339
724 3330 830 3376 matrem
848 3323 910 3376 add.
928 3321 968 3373 di·
1022 3323 1072 3374 333
1090 3319 1172 3372 nmnie

95 3475 314 3514 cumeoeomnee
328 3459 333 3527 Ι
348 3459 453 3514 dearum
470 3459 761 3540 communtandi}
792 3463 861 3547 .³⁸.⁴
880 3389 949 3526 qued
966 3456 992 3509 di
1046 3458 1096 3510 339
1114 3470 1173 3522 pns-

94 3595 187 3647 sunta
240 3594 608 3648 natumcerr.e.ctautum.ti
660 3597 708 3682 393
725 3543 871 3648 wid
924 3595 974 3646 393
991 3587 1171 3645 desideranti

95 3732 145 3783 396
162 3729 283 3782 euritidaa
300 3729 327 3781 di
379 3728 541 3784 euticitoet
592 3733 643 3785 398
660 3663 766 3782 nltimine
780 3728 806 3781 dl
859 3733 1172 3790 minocentaurum:

95 3863 237 3918 memmii
289 3823 437 3934 cananense}
455 3865 481 3917 ni
500 3865 559 3918 aba
611 3865 702 3933 C.qne
721 3864 746 3917 ni
765 3881 778 3917 a
797 3861 826 3924 λς
845 3863 1171 3916 incimmemmaum
