2692 4230
137 126 304 165 3333333333.
334 127 434 165 stannes
583 110 614 175 V,
632 113 774 164 stt-576.

136 300 172 346 ex
196 283 363 347 Acheronte
385 301 438 345 suo
461 281 540 341 silvis
562 281 709 360 peperisse
731 282 786 344 sub
808 281 894 345 atris:

138 367 208 430 ridit
230 379 258 431 et
281 370 389 431 iudicio
411 366 536 427 reditum
559 367 684 428 crudelis
705 369 821 430 ademit.

137 453 281 533 ingemuit
303 453 403 532 regina
426 449 512 510 Erebi
536 459 696 533 testemque
718 455 870 534 protanam

137 539 206 601 lecit
227 557 319 611 avem,
342 552 535 616 sparsumque
556 549 642 617 caput
666 537 909 616 Phlegethontide
932 537 1050 617 lympha

136 624 166 684 13
190 634 319 684 rostrum
343 631 373 680 et
394 619 508 699 plumas
528 633 558 682 et
577 622 696 700 grandia
719 623 829 684 lumina
851 624 948 684 vertit.

137 708 186 770 ille
208 707 262 768 sihi
286 704 400 765 ablatus
423 704 507 767 131313
528 708 661 768 amicitur
682 707 711 766 13
734 705 796 779 3113,

137 793 226 873 inque
248 798 337 869 caput
360 790 473 865 crescit,
496 791 657 872 longosque
679 790 839 851 reflectitur
860 809 978 870 ungues

136 878 241 954 uixque
264 883 361 934 movet
384 884 465 937 natas
488 897 540 958 per
561 876 662 936 inertia
686 875 819 936 bracchia
842 894 973 956 pennas:

136 960 280 1038 loedaque
303 959 335 1020 lit
356 960 493 1036 volucris,
514 960 627 1020 uenturi
651 961 752 1020 nuntia
774 960 882 1036 luctus,

136 1046 257 1122 ignarus
280 1044 370 1120 buho,
392 1047 488 1108 dirum
509 1042 679 1105 mortalibus
701 1064 798 1106 omen.

221 1128 276 1190 Hic
297 1139 395 1192 tamen
419 1131 527 1192 indicio
550 1148 672 1209 poenam
695 1130 855 1211 linguaque
877 1131 969 1193 rideri

135 1215 344 1276 commeruisse
366 1224 480 1296 potestr
503 1215 592 1287 vohis,
616 1215 798 1289 Acheloides,
821 1217 900 1277 unde

135 1298 234 1378 pluma
258 1301 407 1381 pedesque
429 1300 534 1372 avium,
556 1318 622 1360 cum
644 1301 765 1379 virginis
787 1319 837 1362 ora
859 1299 991 1379 geratis?

134 1402 172 1445 an
195 1385 273 1465 quia,
297 1403 364 1446 cum
387 1384 497 1462 legeret
517 1403 622 1446 vernos
644 1385 819 1465 Proserpina
842 1385 942 1460 flores,

134 1469 164 1531 in
187 1471 329 1531 comitum
353 1487 486 1543 numero,
508 1471 610 1531 doctae
631 1470 760 1541 Sirenes,
784 1468 895 1532 eratis?

134 1573 221 1634 quam
245 1565 401 1634 postquam
424 1564 485 1614 toto
509 1557 614 1616 lrustra
636 1554 790 1635 quaesistis
811 1555 842 1616 in
867 1555 949 1630 orbe,

135 1640 271 1719 protinus
292 1648 325 1699 ut
346 1649 470 1701 vestram
493 1642 637 1702 sentirent
657 1659 785 1720 aequora
807 1659 919 1715 curam,

134 1742 220 1804 posse
243 1742 333 1804 super
354 1724 462 1786 fluctus
484 1724 593 1786 alarum
617 1725 750 1787 insistere
772 1727 860 1786 remis

133 1808 255 1889 optastis
277 1808 435 1888 facilesque
456 1810 528 1870 deos
549 1809 690 1871 habuistis
711 1821 741 1872 et
760 1823 843 1872 artus

133 1893 244 1954 vidistis
265 1903 376 1955 vestros
398 1893 503 1955 suhitis
525 1895 679 1957 llarescere
701 1896 817 1977 pennis.

135 1997 171 2038 ne
194 1989 289 2039 tamen
313 1978 362 2040 ille
383 1998 475 2041 canor
496 1981 664 2042 mulcendas
687 1992 771 2042 natus
792 1982 829 2042 ad
851 1999 938 2043 aures

133 2071 271 2143 tantaque
295 2065 348 2124 dos
370 2066 431 2126 oris
452 2065 569 2144 linguae
590 2067 760 2146 deperderet
784 2085 880 2141 usum,

134 2148 255 2227 virginei
279 2149 376 2210 vultus
397 2160 427 2210 et
449 2168 503 2210 vox
526 2151 651 2211 humana
673 2153 823 2213 remansit.

218 2234 389 2295 dometius
412 2235 566 2315 lratrisque
587 2236 632 2296 sui
654 2247 840 2317 maestaeque
862 2234 974 2296 sororis

133 2317 265 2398 luppiter
287 2338 320 2380 ex
343 2338 437 2400 aequo
460 2320 620 2381 volventem
643 2322 744 2383 dividit
765 2339 887 2383 aunum.

133 2421 214 2463 nunc
235 2403 298 2477 dea,
321 2423 481 2482 regnorum
504 2425 611 2467 numen
634 2424 791 2468 commune
812 2407 951 2479 duorum,

132 2506 199 2548 cum
222 2499 315 2550 matre
337 2500 382 2550 est
403 2491 533 2565 totidem,
556 2492 674 2553 totidem
696 2509 763 2553 cum
786 2491 916 2570 coniuge
938 2508 1065 2552 menses.

132 2574 254 2635 vertitur
276 2575 424 2654 extemplo
447 2577 535 2637 iacies
556 2587 585 2637 et
605 2577 713 2638 urentis
735 2588 764 2637 et
786 2577 862 2637 oris:

133 2676 199 2718 nam
223 2661 310 2720 modo
334 2679 408 2739 quae
432 2672 544 2742 poterat
566 2661 622 2722 Diti
645 2680 763 2742 quoque
785 2670 894 2723 maesta
917 2660 1019 2733 rideri,

133 2742 203 2803 laeta
227 2744 298 2805 deae
320 2746 404 2806 lrons
427 2755 480 2821 est,
502 2758 533 2808 ut
555 2746 608 2820 sol,
631 2747 680 2827 qui
704 2757 799 2808 tectus
820 2745 942 2827 aquosis

133 2829 263 2889 nubibus
285 2843 354 2891 ante
376 2831 441 2904 luit,
462 2831 545 2893 victis
566 2850 583 2892 e
605 2831 733 2893 nubibus
755 2832 824 2892 exit.

216 2913 316 2991 Exigit
336 2915 409 2976 alma
433 2916 531 2988 Ceres,
554 2927 618 2977 nata
640 2936 743 2978 secura
765 2927 894 2998 recepta,

132 3018 206 3078 quae
228 2999 281 3059 tihi
306 3020 391 3062 causa
415 3003 510 3080 lugao,
532 3003 655 3076 cursis,
677 3004 830 3075 Arethusa,
854 3020 938 3062 sacer
960 3002 1037 3061 lons.

132 3085 301 3145 conticuere
324 3087 434 3146 undae:
459 3106 581 3167 quarum
603 3089 655 3148 dea
677 3087 793 3148 sustulit
817 3088 877 3147 alto

132 3169 212 3229 13313
235 3179 324 3250 caput
345 3171 510 3251 viridesque
531 3190 618 3233 manu
640 3173 744 3233 siccata
767 3172 890 3253 capillos
1160 3178 1203 3228 115

131 3254 261 3314 lluminis
285 3255 346 3315 Elei
369 3266 479 3317 veteres
504 3258 626 3318 narravit
647 3276 769 3318 amores.

200 3444 248 3493 513
267 3438 332 3508 reg]
350 3437 465 3491 aurical
510 3441 674 3508 llllestemquo
691 3441 715 3492 tt
754 3449 772 3504 tt
792 3441 987 3502 3111133333.)
1034 3437 1203 3505 prolauumc

131 3598 180 3647 511
200 3591 389 3658 llegeoutidei
436 3593 538 3660 lympha
557 3595 575 3655 (l
594 3611 628 3645 ecc
646 3597 671 3653 n)
689 3593 714 3644 hl
766 3597 814 3646 516
835 3593 869 3654 13]
888 3592 920 3642 ab
940 3589 980 3642 tt·
1007 3521 1100 3640 l'irio
1151 3593 1197 3641 551

130 3661 302 3728 linguallllque
320 3660 345 3711 M
409 3666 457 3714 555
476 3659 721 3725 doctae1mixtaetl
782 3664 832 3714 558
851 3661 937 3722 remis]
956 3658 1047 3725 pennis
1065 3655 1092 3707 hl
1151 3659 1201 3710 562

130 3796 280 3865 deperderet
298 3794 330 3848 λ’
348 3814 383 3847 ere
400 3813 432 3848 ne
450 3798 566 3864 perderet
628 3802 677 3852 566
695 3746 809 3852 dliiorum
827 3795 852 3847 11
907 3795 1014 3847 duorum
1032 3796 1076 3858 (uo
1097 3796 1117 3846 ι’.
1135 3798 1168 3856 r.)
1185 3788 1202 3843 λ

130 3869 177 3919 571
199 3861 319 3928 dubii
370 3868 420 3918 576
437 3866 521 3932 alphei
539 3865 563 3917 hl
