2692 4230
128 128 265 170 macutus.
295 127 434 166 otcaurrus
571 111 612 176 IX,
630 114 773 168 230-297.
1145 119 1206 183 199

130 286 267 349 Herculis
288 284 410 362 effigies,
433 299 488 342 nec
511 281 669 364 quicquam
691 284 727 346 ab
749 285 878 366 imagine
900 288 1020 349 ductum
1164 301 1208 352 295

130 371 231 434 matris
252 370 351 442 habet,
374 375 549 446 tantumque
571 367 647 431 loris
670 371 789 450 vestigia
811 380 916 434 serrat.

130 468 223 538 utque
245 470 340 516 nurus
362 468 487 530 serpens
508 454 605 533 posita
627 474 695 518 cum
717 457 794 537 pelle
816 465 935 520 senecta

130 541 278 604 luxuriare
299 535 375 597 solet
395 553 578 619 squamaque
601 540 694 602 nitere
715 543 842 604 recenti:

129 623 246 688 sicubi
268 619 406 682 mortales
427 619 601 704 Tirynthius
625 624 705 685 exuit
726 636 817 698 artus,

131 719 214 793 parte
235 706 281 768 sui
304 703 426 766 meliore
447 708 525 787 viget
546 708 699 788 maiorque
720 709 810 770 rideri

131 793 229 874 eoepit
251 799 280 850 et
302 799 424 868 augusta
447 793 511 854 ficri
533 793 673 872 gravitate
695 793 848 854 verendus.

131 895 219 959 quem
241 882 326 955 pater
347 877 538 958 omnipotens
561 878 638 937 inter
660 893 728 936 cava
752 876 851 937 nubila
874 889 989 959 raptum

129 959 305 1042 quadriiugo
328 979 418 1022 curru
440 960 623 1023 radiantibus
644 959 744 1021 intulit
765 960 859 1022 astris.

217 1044 316 1106 Sensit
337 1046 417 1107 Atlas
440 1047 568 1126 pondus.
612 1062 708 1123 neque
729 1045 826 1107 adhuc
848 1045 1035 1110 Stheneleius
1059 1049 1117 1111 iras

131 1129 257 1192 solverat
278 1130 462 1210 Eurystheus
483 1129 645 1210 odiumque
666 1131 696 1191 in
720 1130 805 1212 prole
827 1139 983 1212 paternum
1164 1144 1207 1195 tto

132 1215 285 1278 exercebat
306 1224 399 1277 atrox.
443 1221 473 1274 at
494 1212 593 1292 longis
614 1215 699 1277 anxia
719 1216 799 1277 curis

133 1301 247 1381 Argolis
269 1299 420 1373 Alcmene,
443 1307 568 1378 questus
590 1299 640 1360 ubi
663 1310 755 1381 ponat
776 1299 879 1374 aniles,

132 1386 179 1449 cui
202 1387 309 1448 referat
330 1383 391 1444 nati
415 1391 537 1444 testatus
559 1385 631 1446 orbe
653 1385 769 1445 iabores

133 1472 216 1532 cuive
238 1487 308 1531 suos
331 1485 427 1541 casus,
450 1467 533 1530 loten
556 1468 653 1530 habet.
697 1468 833 1531 ilercuiis
854 1470 933 1531 illam

133 1554 264 1636 imperiis
287 1552 474 1633 thalamoque
495 1553 655 1634 animoque
675 1563 827 1634 receperat
849 1552 953 1635 leius
1005 1550 1009 1600 ἔ
1165 1567 1208 1618 aso

134 1638 327 1720 impleratque
349 1646 467 1700 uterum
490 1656 637 1718 generoso
660 1637 783 1699 semine.
827 1639 875 1701 oui
897 1638 941 1701 sio

133 1723 237 1804 incipit
259 1723 413 1785 Alcmene:
434 1717 565 1785 ‘faveant
586 1721 639 1783 tibi
662 1723 783 1784 numina
805 1724 906 1786 saltem

133 1808 355 1890 surripiamque
377 1825 485 1880 moras,
508 1818 571 1869 tom
594 1825 662 1869 uum
685 1817 798 1870 matura
819 1808 938 1871 vocabis

134 1894 328 1975 praepositam
351 1891 462 1954 timidis
483 1892 669 1974 parientibus
690 1892 844 1974 Ilithyiam.

132 1995 221 2059 quam
242 1977 314 2039 mihi
336 1977 486 2039 difficilem
509 1978 636 2040 iunonis
657 1978 748 2057 gratia
771 1979 849 2040 iecit.

133 2081 259 2143 namque
280 2061 430 2124 laboriferi
452 2080 521 2123 cum
544 2063 602 2123 iam
624 2063 728 2125 natalis
749 2064 864 2124 adesset

133 2146 267 2209 Herculis
288 2157 318 2208 et
338 2147 485 2208 decimum
508 2157 692 2227 premeretur
713 2147 809 2209 sidere
830 2147 959 2226 signum,

133 2232 272 2294 tendebat
293 2231 418 2311 gravitas
439 2241 559 2294 uterum
581 2231 664 2306 mihi,
688 2233 826 2314 quodque
849 2230 988 2304 ferebam,

132 2326 245 2379 tantum
269 2324 340 2388 erat,
362 2324 396 2376 ut
418 2334 522 2397 posses
542 2326 693 2378 auctorem
715 2317 813 2379 dicere
834 2316 903 2377 tecti

132 2400 272 2483 ponderis
293 2419 358 2462 esse
379 2400 488 2462 lovem.
533 2420 589 2464 nec
610 2401 667 2463 iam
690 2402 815 2464 tolerare
840 2399 957 2462 dolores
1167 2413 1209 2464 299

132 2486 255 2548 ulterius
276 2495 427 2566 poteram:
450 2485 522 2566 quin
547 2506 627 2549 nunc
649 2505 768 2567 quoque
791 2486 914 2565 frigidus
935 2493 1027 2559 artua,

131 2572 201 2632 dum
224 2570 340 2652 loquor,
364 2573 471 2633 horror
493 2571 592 2644 habet,
616 2590 742 2652 parsque
764 2582 810 2633 est
831 2570 1001 2633 meminisse
1022 2570 1142 2633 doloris.

131 2665 245 2737 septem
268 2674 323 2735 ego
345 2674 400 2737 per
423 2666 536 2732 noctes,
558 2657 679 2718 totidem
702 2657 831 2718 cruciata
853 2654 967 2728 diebus,

132 2741 207 2801 sessa
229 2740 313 2801 malis
335 2743 521 2820 tendensque
542 2741 578 2800 ad
600 2741 714 2802 caeluni
737 2741 873 2803 bracchia
896 2757 1003 2819 magno

132 2825 273 2887 Lucinam
296 2824 446 2907 Nixosque
468 2835 568 2907 patres
589 2825 717 2888 clamore
739 2825 888 2887 vocabam.
1011 2861 1017 2876 ·
1166 2835 1209 2886 295

133 2909 180 2970 iiia
203 2911 320 2992 quidem
345 2911 432 2984 venit,
455 2910 506 2973 sed
530 2922 741 2992 praecorrupta
763 2927 921 2991 meumque

131 3013 207 3075 quae
229 2997 339 3057 donare
362 3005 451 3076 caput
472 2994 582 3057 iunoni
604 2997 691 3057 vellet
716 2995 845 3076 iniquae,

171 3130 246 3207 Ι269
260 3128 355 3181 enitere
365 3130 390 3194 (c
402 3131 420 3179 i.
429 3130 463 3192 r.)
473 3125 498 3178 ii
543 3129 653 3183 niterer
696 3128 928 3180 iireredurmann
975 3127 1208 3180 attstetenetusu

130 3194 272 3314 uigigidi'
318 3259 428 3314 herosi
480 3265 599 3316 dimid
616 3261 792 3316 alchimeuei
844 3266 893 3316 tta
912 3259 1041 3315 reserati
1093 3265 1143 3315 280
1162 3263 1208 3314 lm·

131 3347 184 3411 pert
203 3331 214 3381 i
228 3331 251 3396 (i
265 3347 282 3382 a
299 3346 334 3383 m.
356 3334 367 3383 l
387 3335 406 3382 i.
423 3348 447 3383 r.
465 3332 563 3383 literae
580 3347 610 3394 o,
627 3333 675 3382 aed
691 3336 779 3383 nroior
796 3335 853 3382 eius
867 3348 934 3397 pure
956 3336 1047 3398 postea
1065 3331 1162 3395 deicio)
1183 3329 1207 3381 M

131 3399 201 3532 imi?
213 3465 238 3517 tt
283 3466 329 3534 yiu
347 3462 432 3518 elici.
484 3467 575 3534 ylusa
627 3469 673 3520 281
689 3468 802 3533 germine
817 3468 903 3518 Heius.
951 3466 1019 3518 cta
1065 3467 1208 3519 cordatus.

131 3538 180 3587 283
199 3541 292 3590 tunes
345 3537 392 3587 tat
413 3534 512 3622 deciqno
532 3533 556 3585 M
609 3537 659 3588 289
678 3536 796 3635 pospisri
844 3550 936 3602 posses
954 3534 1026 3586 editt.
1045 3541 1105 3587 vett.
1158 3538 1207 3587 290

130 3669 265 3726 iabores:
321 3671 370 3722 292
388 3618 470 3722 ᾱοίοὲἰ
490 3668 516 3720 di
578 3672 626 3722 295
645 3618 745 3738 ιιοιῖῐᾳι
764 3672 788 3734 (a
807 3674 826 3721 t.
843 3674 878 3734 r.)
896 3669 935 3734 id,
954 3673 1030 3720 eretria
1047 3673 1076 3720 in
1094 3685 1181 3735 marg.
1198 3665 1208 3721 i

130 3735 236 3790 rixosi
260 3751 338 3789 nexas
362 3753 378 3788 a
403 3741 469 3789 md
541 3753 671 3805 nexosque
694 3754 767 3806 pares
792 3735 823 3789 λ’
893 3737 1039 3790 iadnexos
1065 3745 1154 3805 partus
1178 3733 1209 3789 λ’

131 3802 281 3871 inexusque
290 3819 365 3872 pares

130 3872 243 3924 adnexos
267 3878 353 3939 partus
382 3887 441 3924 mem
464 3873 584 3924 sedulio:
614 3873 716 3941 quidam
745 3873 802 3924 iibri
830 3873 925 3926 habent
953 3887 1082 3941 nexosque
1109 3873 1171 3925 deas
1197 3890 1210 3923 r

131 3939 262 4007 Nixosque
281 3947 366 4007 patres
386 3944 456 3993 euni.
475 3941 578 3992 Mer-ded
