2692 4230
111 142 172 205 164
470 224 475 231 ὁ
564 148 768 203 meum&
951 194 954 199 .
1068 166 1175 206 nauare

111 321 279 386 damnatura
301 322 347 386 sui
369 340 430 385 nen
452 329 498 383 eat
517 316 624 380 delicta
643 316 751 379 mariti.

112 416 226 489 pestere
249 407 423 489 depulerant
441 404 574 465 Aurana
594 397 706 461 lumina
729 412 863 467 nectema
918 442 923 453 ι
1128 414 1175 468 eet

109 492 246 594 ‘egredior
267 492 424 569 silvamque
446 492 526 566 pete,
547 482 699 563 victorque
719 503 774 565 per
793 488 898 552 herhas

122 595 190 639 aura
211 571 289 638 veni’
312 573 380 646 dixi,
399 563 575 648 ‘neutroque
595 567 714 629 medere
733 567 846 632 utari?

113 670 142 723 et
163 661 260 723 subito
282 656 407 737 gemitus
426 652 505 714 inter
524 670 589 715 mea
610 651 698 714 rerha
718 651 837 716 videhar

185 745 191 757 .
388 736 394 749 .
451 757 459 774 ‚
562 736 590 772 .„
810 738 817 751 .
884 744 901 776 a
947 740 953 754 .
975 741 982 754 .

112 763 217 892 lull
235 737 459 887 tttullttt·
475 739 906 903 :ttltihttlaut‘ltt
921 741 993 880 ³¹¹¹·
1129 832 1176 885 et

114 930 179 975 sum
200 919 280 973 ratus
302 924 366 967 esse
387 905 477 967 leram
498 905 648 989 telumque
668 904 785 969 volatile
806 906 882 968 miei.

113 995 229 1058 Promis
252 1001 322 1053 erat
364 989 522 1072 medieque
541 1005 647 1055 tenens
667 992 698 1054 in
721 998 840 1073 pectere
860 990 968 1055 vulnus

115 1079 162 1156 „ei
182 1075 273 1139 mihi“
296 1074 468 1137 conclamat
510 1094 566 1138 vex
587 1087 631 1141 eet
651 1076 703 1139 uhi
724 1075 842 1157 cognita
862 1074 938 1136 ddae

113 1160 257 1239 coniugia,
278 1160 314 1221 ad
335 1176 436 1222 recem
457 1179 600 1243 praecepa
620 1178 782 1243 amensque
803 1158 930 1223 cucurri.

113 1244 313 1307 semianimem
335 1255 363 1306 et
383 1263 500 1326 sparsae
518 1246 686 1309 laedentem
706 1244 851 1327 sanguine
871 1252 964 1306 veatae
1132 1254 1176 1307 81⁵

114 1337 144 1426 et
164 1348 214 1426 sua
236 1331 295 1405 (me
315 1328 483 1408 mieemml)
505 1330 543 1393 de
562 1330 685 1394 vulnere
705 1331 782 1394 dena
806 1331 970 1393 trahentem

114 1416 729 1580 ltilttstitlttdtutltut
745 1415 832 1562 ld?

114 1582 233 1646 vulnera
254 1601 336 1645 saeva
356 1580 416 1661 ligo
438 1600 590 1661 conorque
611 1581 746 1644 inhibere
766 1600 912 1657 cruorem,

116 1687 173 1730 neu
194 1686 241 1730 me
261 1675 356 1728 morte
376 1683 430 1727 sua
450 1663 624 1726 sceleratum
644 1664 770 1739 deserat,
792 1683 854 1727 cre.
1132 1673 1177 1726 utu

114 1753 224 1814 viribus
244 1750 292 1812 illa
314 1766 417 1811 carens
438 1758 468 1810 et
488 1748 547 1810 iam
568 1748 743 1811 moribunda
765 1749 861 1829 coepit

114 1837 186 1898 haec
206 1853 238 1896 se
259 1850 352 1915 pauca
373 1832 469 1913 loqui:
493 1850 569 1915 „per
589 1834 683 1896 nestri
704 1834 822 1896 foedera
842 1833 909 1895 lecti

114 1937 225 2002 perque
245 1918 316 1980 deus
336 1917 462 1998 supplex
483 1935 537 1979 cru
558 1936 742 1999 superosque
762 1936 912 1999 meaeque,

114 2022 167 2085 per
188 2002 283 2084 siquid
305 2001 399 2065 merui
420 2001 457 2063 de
477 2011 507 2064 te
527 2001 605 2064 hene
626 2021 737 2084 perque
758 2010 925 2064 manentem

115 2107 196 2150 nunc
217 2104 345 2168 queque,
367 2103 433 2148 cunr
455 2105 557 2168 perec,
576 2105 694 2149 causam
714 2087 786 2149 mihi
808 2087 921 2160 mertis,
942 2103 1081 2160 emerem,
1133 2095 1177 2148 8⁵5

115 2191 153 2234 ne
173 2171 307 2234 thalamis
327 2172 434 2232 Auram
456 2172 568 2252 patiare
588 2172 735 2234 innuhere
760 2172 899 2234 nestris.“

115 2256 195 2330 dixit,
216 2266 246 2318 et
267 2273 396 2317 errorem
418 2265 481 2317 tum
503 2255 632 2336 denique
661 2255 790 2318 neminie
810 2275 874 2318 esse

115 2350 145 2402 et
165 2340 243 2402 sensi
265 2349 295 2401 et
315 2340 412 2402 docui.
454 2339 506 2402 eed
529 2340 599 2422 qnid
620 2340 757 2403 decuisse
778 2337 912 2403 iurabat?

115 2424 231 2499 labitur,
253 2434 284 2486 et
305 2441 408 2504 parvae
429 2424 548 2504 lugiunt
569 2443 636 2487 cum
658 2425 803 2506 sangnine
823 2425 906 2487 vires.

116 2511 243 2589 dumque
264 2507 374 2589 aliquid
396 2520 528 2590 spectare
550 2520 657 2590 petest,
678 2528 727 2572 me
748 2518 860 2592 spectat
875 2520 904 2571 et
924 2508 956 2570 in
977 2525 1026 2569 me
1135 2516 1179 2568 eeu

116 2593 261 2655 inlelicem
284 2593 409 2654 animam
432 2603 594 2675 nocuoque
614 2594 729 2656 exhalat
750 2595 781 2656 in
804 2612 865 2656 ere.

117 2679 167 2740 sed
188 2677 267 2739 vultu
290 2676 411 2738 meliore
432 2678 508 2740 meri
529 2696 633 2741 secura
654 2673 787 2741 ridetur?

117 2762 256 2824 flantibus
277 2761 349 2823 haec
368 2761 525 2824 lacrimans
545 2764 633 2825 heros
654 2763 849 2825 memorabat:
872 2772 901 2823 et
922 2780 991 2824 ecee

117 2848 229 2909 Aeacus
250 2846 413 2925 ingreditur
433 2845 544 2928 duplici
566 2865 633 2909 cum
655 2847 740 2929 prele
762 2865 897 2927 noveque

116 2931 217 3006 milite,
240 2948 327 3011 quem
349 2929 495 3011 Cephalus
516 2949 584 2993 cum
607 2931 733 2994 lertibus
754 2932 861 3014 accipit
882 2930 979 2992 armis.
1134 2935 1178 2987 885

185 3099 232 3149 885
244 3099 321 3201 ripn
338 3094 652 3164 depexdetuleranthi'
703 3091 880 3150 detulerantl
928 3090 1178 3148 amora-noctae

118 3251 167 3303 886
184 3180 361 3316 silentiaquehl
413 3247 576 3316 eilrasquer
626 3264 671 3318 per
685 3249 721 3315 h]
740 3264 872 3317 pererrans
884 3251 916 3300 ci.
928 3247 1030 3299 Merkel
1066 3244 1179 3352 'uaed-

118 3400 216 3453 ceash
267 3399 318 3504 dipi
336 3400 424 3453 Heius.
486 3401 536 3452 84³
555 3399 598 3451 ubi
615 3399 677 3451 add.
694 3398 729 3452 hl'
760 3331 900 3452 lgggwi
960 3402 1009 3453 850
1027 3347 1076 3451 lagu
1093 3414 1134 3451 me
1152 3396 1178 3450 dl

119 3500 211 3606 deurit
230 3500 370 3604 hggiemhl
439 3553 488 3605 884
506 3483 634 3619 peel-daie
650 3554 696 3617 (aar
713 3568 727 3604 c
744 3568 815 3604 cerr.
832 3549 893 3612 dil
957 3554 1006 3606 888
1024 3549 1135 3619 causali
1152 3548 1179 3602 ll

118 3711 194 3769 (erar.
211 3711 246 3767 m)
314 3705 363 3758 886
380 3635 491 3756 οἰιῗοῠοῐο
508 3701 534 3754 Μ
586 3700 731 3757 enubere}-
781 3706 830 3758 858
847 3704 908 3773 quid
925 3721 960 3755 οι
976 3702 1089 3771 qucdhl

185 3771 254 3826 sacri
269 3768 318 3823 cxi
336 3769 489 3823 ari-uuili
542 3766 1057 3824 rmnrmrmaa·iin·rsernir·m11·l
