2692 4230
143 126 309 217 rmaoonas
567 163 623 231 XV,
641 165 785 221 art-ato.

143 335 276 398 redditur
298 334 445 416 Argolicis
467 333 575 415 iugens
596 336 739 400 Erasinus
760 337 791 399 in
813 336 898 399 arvis.

143 430 173 483 et
194 421 309 501 Mysum
332 419 500 501 capitisque
522 421 567 483 sui
589 423 732 504 ripaeque
752 421 863 505 prioris

143 506 325 588 paenituisse
347 504 459 578 lerunt,
481 504 537 568 alia
561 526 644 570 nnnc
664 508 722 584 ire,
740 508 871 570 Caicum.

143 610 199 654 nee
222 609 282 653 non
306 588 440 650 Sicanias
461 591 583 654 volvens
604 595 775 654 Amenanus
797 594 922 655 harenas

143 694 225 738 nunc
247 674 322 747 lluit,
345 673 496 736 interdum
518 677 688 758 suppressis
710 675 842 739 lontibus
863 685 936 738 aret„
963 702 966 708 ·
1173 687 1218 740 280

141 772 210 823 ante
231 757 398 834 bibebatur,
421 779 514 835 nnnc,
536 779 611 840 quas
632 761 806 839 contingere
829 760 916 834 nolis,

140 845 239 928 fundit
260 842 391 922 Anigrus
411 863 513 925 aquas,
536 861 726 925 quamquam,
749 843 805 905 nisi
827 844 942 907 vatibus
964 845 1060 908 omnis

142 928 292 1010 eripienda
316 928 400 1003 fides,
423 928 484 990 illic
504 929 601 990 lavare
623 927 803 991 bimembres

139 1013 272 1085 vulnera,
293 1013 432 1092 clavigeri
456 1029 532 1092 quae
555 1013 664 1075 lecerat
687 1012 822 1074 Herculis
843 1031 939 1075 arcus.

141 1094 235 1179 quid?
257 1116 317 1159 non
342 1107 374 1159 et
395 1096 543 1177 Scythicis
564 1097 698 1179 Hypanis
719 1098 756 1160 de
778 1095 929 1160 montibus
951 1108 1043 1172 ortus,

141 1183 191 1263 qui
214 1183 310 1245 luerat
331 1181 438 1257 dulcis,
460 1181 572 1244 salibus
593 1185 715 1246 vitiatur
735 1180 866 1245 amaris?

139 1267 279 1330 lluctibus
301 1265 428 1328 ambitae
452 1267 570 1330 lucram
592 1269 711 1331 Antissa
733 1269 905 1348 Pharosque

139 1363 169 1415 et
195 1351 357 1414 Phoenissa
378 1351 490 1432 Tyros:
513 1371 640 1433 quarum
662 1371 744 1415 nunc
765 1352 863 1415 insula
884 1353 965 1415 nulla
988 1362 1041 1414 est.

138 1435 273 1499 Leucada
300 1436 473 1499 continuam
496 1445 610 1499 veteres
631 1437 761 1500 habuere
782 1436 897 1499 coloni:

139 1539 220 1583 nunc
242 1521 315 1582 lreta
338 1522 506 1584 circueunt.
550 1520 657 1583 Zancle
679 1539 799 1603 quoque
821 1522 921 1585 iuncta
943 1522 1033 1583 luisse

138 1606 246 1669 dicitur
266 1604 378 1679 ltaliae,
399 1606 499 1667 donec
519 1607 650 1669 confinia
671 1617 785 1688 pontus

138 1690 260 1754 abstulit
281 1699 312 1751 et
333 1689 430 1752 media
453 1689 589 1753 tellurem
611 1693 744 1774 reppulit
764 1693 854 1754 unda.

137 1776 161 1838 si
185 1792 309 1856 quaeras
331 1773 455 1836 Helicen
480 1785 510 1838 et
530 1776 635 1850 Burin,
658 1777 802 1839 Achaidas
822 1775 923 1850 urbes,

137 1859 271 1923 invenies
293 1859 349 1920 sub
372 1860 474 1941 aquis3
497 1868 529 1922 et
548 1861 646 1924 adbuc
666 1861 822 1924 ostendere
844 1869 948 1923 naulae

137 1943 276 2008 inclinata
298 1945 397 2006 solent
418 1962 488 2007 cunt
509 1946 669 2008 moenibus
689 1945 798 2028 oppida
819 1945 933 2008 mersis.

137 2040 182 2092 cst
203 2048 297 2111 prope
320 2028 468 2091 Pittheam
490 2030 624 2093 tumulus
646 2030 807 2105 Troezena,
828 2023 892 2093 siue
913 2028 982 2092 ullis

135 2116 246 2176 ardum
267 2112 435 2188 arboribus,
458 2114 608 2195 quondam
631 2115 803 2196 planissima
825 2116 920 2196 campi

135 2217 213 2273 area,
237 2216 318 2259 nunc
341 2199 490 2261 tumulus:
515 2218 583 2262 nam
605 2203 664 2277 (res
685 2200 833 2262 horrenda
854 2200 960 2277 relatu)

135 2285 179 2346 ris
201 2284 262 2346 lera
285 2292 454 2358 tentorum,
477 2284 574 2347 caecis
596 2285 711 2347 inclusa
733 2287 875 2362 cavernis,

136 2370 284 2450 exspirare
307 2368 406 2448 aliqua
427 2369 555 2450 cupiens
576 2369 745 2451 luctataque
766 2370 873 2433 frustm

134 2453 274 2514 liberiore
296 2453 354 2514 lrui
378 2453 471 2528 caelo,
493 2471 561 2516 num
585 2472 704 2516 carcere
730 2455 803 2516 rina

135 2538 216 2600 nulla
239 2538 316 2598 loret
339 2547 401 2598 tolo
425 2555 481 2600 nec
503 2538 603 2619 pervia
625 2539 744 2601 datibus
766 2547 852 2612 esset,

134 2633 281 2686 extentam
305 2623 459 2683 tumefecit
480 2624 616 2696 humum,
638 2641 701 2686 ceu·
715 2624 837 2705 spiritus
859 2622 919 2684 oris

135 2710 254 2770 tendere
277 2707 402 2768 vesicam
426 2706 504 2770 solet
525 2717 576 2771 aut
597 2708 717 2789 derepta
740 2706 855 2769 bicorni

133 2804 215 2872 terga
238 2811 338 2872 capro.
383 2804 485 2854 tumor
507 2792 557 2854 ille
579 2793 637 2855 loci
660 2794 833 2875 permansit,
855 2801 885 2852 et
904 2790 954 2852 alti

133 2877 218 2940 collis
238 2877 327 2939 habet
348 2878 480 2957 speciem
503 2877 657 2959 longoque
679 2877 812 2940 induruit
832 2893 913 2936 aevo.

133 2963 258 3044 plurima
282 2980 349 3023 cum
372 2961 499 3023 subeant
520 2963 619 3025 audita
641 2972 670 3024 et
692 2962 810 3042 cognita
832 2960 929 3034 nobis,

132 3066 224 3129 panca
248 3064 339 3126 super
361 3047 497 3108 reseram.
542 3045 640 3128 quid?
662 3065 722 3109 non
747 3057 777 3110 et
797 3045 915 3126 lympha
937 3044 1045 3123 dguras

131 3133 241 3213 datque
263 3131 403 3211 capitque
426 3128 539 3194 novas?
561 3133 659 3194 medio
682 3143 742 3203 tua,
764 3132 903 3210 corniger
924 3133 1060 3203 Ammon,

130 3219 211 3280 unda
234 3217 283 3277 die
306 3216 403 3293 gelida
425 3226 479 3290 est,
503 3227 632 3298 ortuque
652 3217 796 3298 obituque
819 3216 947 3278 calescit.
1163 3223 1207 3276 919

131 3345 335 3356 ,..-.---

200 3403 248 3455 att
268 3405 294 3453 et
311 3398 389 3469 llys]
408 3400 562 3453 emissurus
614 3405 664 3456 tte
683 3403 778 3454 aliasa
830 3400 915 3453 aliolr
973 3399 1022 3452 uta
1040 3412 1206 3456 amasenusc

130 3519 411 3571 nuenarianam.
431 3520 544 3574 Ursinus
608 3523 658 3575 999
676 3486 794 3592 lar-{rea
860 3523 909 3574 tet
927 3526 953 3572 et
971 3519 1094 3572 sitbiosa
1155 3521 1204 3572 tet

130 3635 212 3705 phac]
230 3598 408 3705 pbossasqoea
469 3640 528 3717 ,299
546 3640 708 3693 circueunta
777 3643 826 3694 992
851 3640 985 3709 quaerise
1053 3638 1203 3691 acbiacasb

466 3722 483 3759 u

129 3770 317 3840 adoptarunt
372 3775 421 3825 299
440 3773 560 3827 cainislt
614 3778 664 3828 999
682 3775 820 3894 capiensb
873 3778 922 3828 999
942 3774 1101 3827 tumelaeitb
1153 3777 1203 3829 999

129 3841 233 3909 derepta
251 3856 301 3891 em.
319 3839 409 3892 ueras.
462 3840 560 3910 direpta
581 3843 657 3894 codd.
732 3843 860 3899 icornise
923 3845 970 3895 995
990 3843 1092 3911 caprili
1154 3845 1202 3896 tot

128 3913 165 3974 et]
183 3915 228 3961 aut
246 3909 305 3961 edd.
320 3913 432 3974 praeter
449 3909 534 3962 Merit.
587 3914 637 3967 999
655 3916 681 3965 el
698 3927 749 3964 ont.
768 3930 781 3962 a

967 3994 1026 4032 aa*
