2692 4230
92 248 97 259 ‚
141 185 205 222 om
541 151 544 158 '
572 168 616 234 ru,
632 170 779 223 err-sto

140 342 202 405 ibat
223 343 253 405 in
276 361 356 405 arma
377 340 448 402 ratis
470 340 624 422 multoque
647 351 709 404 erat
730 341 818 404 altior
839 338 906 402 illis.

140 429 257 509 iamque
279 427 380 489 labant
402 424 499 497 cunei,
521 427 705 509 spoliataque
726 427 857 508 tegmine
879 441 963 488 cerae

140 515 214 575 rima
235 519 316 591 patet
336 508 517 591 praebetque
537 511 614 574 mam
635 511 773 575 letalibus
793 511 891 575 undis.

140 616 210 660 ecce
232 597 342 658 cadunt
363 592 435 674 largi
457 597 597 659 resolutis
618 595 748 658 nubibus
770 596 890 671 imbres,

139 684 231 763 inque
252 681 359 741 fretum
382 681 482 743 credas
505 692 600 745 totum
622 681 803 743 descendere
824 681 948 756 caelum,

140 767 232 847 inque
254 764 354 844 plagas
375 765 448 827 caeli
470 768 661 829 tumefactum
685 764 863 827 adscendere
885 775 1019 846 pontum.

138 850 200 912 vela
223 849 342 911 madent
364 850 473 913 nimbis
496 859 525 912 et
548 868 616 911 cum
639 847 814 911 caelestibus
836 848 925 910 undis

139 951 303 1014 aequoreae
324 935 487 998 miscentur
508 953 612 1016 aquae.
657 943 737 996 caret
758 932 878 1014 ignibus
898 934 1009 1009 aether,

140 1036 284 1099 caecaque
306 1039 365 1082 nox
388 1019 533 1100 premitur
554 1017 686 1080 tenebris
707 1019 872 1101 hiemisque
895 1017 1024 1098 suisque.

139 1103 302 1166 discutiunt
323 1114 420 1166 tamen
443 1105 496 1166 has
517 1102 720 1186 praebentque
741 1105 879 1166 micantia
900 1102 1003 1165 lumen

139 1187 279 1250 lulmina:
303 1189 453 1250 fulmineis
474 1190 633 1252 ardescunt
654 1189 774 1268 ignibus
795 1190 900 1251 undae.

140 1275 189 1335 dat
210 1292 329 1355 quoque
352 1274 409 1336 iam
431 1274 522 1337 saltus
545 1275 622 1336 intra
643 1292 712 1336 cava
734 1283 811 1336 texta
833 1272 950 1336 cannae

137 1360 261 1433 ductus;
285 1368 315 1420 et
337 1370 371 1421 ut
390 1358 486 1435 miles,
508 1376 634 1420 numero
657 1358 856 1441 praestantior
876 1359 969 1434 omui,

138 1462 206 1505 cum
228 1461 317 1525 saepe
339 1443 458 1506 adsiluit
479 1443 619 1505 defensae
639 1442 798 1505 moenibus
819 1441 913 1518 urbis,

138 1547 192 1609 spe
213 1528 326 1610 potitur
346 1529 464 1590 tandem
486 1528 641 1609 laudisque
663 1546 806 1591 accensus
828 1545 928 1590 amore

137 1612 216 1675 inter
236 1613 316 1674 mille
338 1613 415 1674 viros
436 1632 556 1674 murum
579 1623 678 1676 tamen
700 1624 828 1697 occupat
848 1631 936 1687 unus,

137 1695 252 1759 sicubi
276 1698 432 1778 pulsarunt
453 1699 578 1760 noviens
599 1698 688 1761 latera
711 1698 801 1761 ardua
823 1698 941 1773 ductus,

136 1783 247 1844 vastius
268 1782 426 1863 insurgens
447 1783 578 1845 decimae
593 1783 653 1844 ruit
675 1782 805 1866 impetus
825 1783 922 1845 undae

138 1885 192 1928 uec
214 1866 298 1949 prius
319 1868 435 1930 absistit
455 1869 562 1931 lessam
585 1886 761 1951 oppugnare
783 1868 923 1944 carinam,

137 1972 225 2033 mam
240 1952 319 2014 velut
340 1954 370 2015 in
394 1962 496 2034 captas
518 1953 679 2016 descendat
699 1955 816 2016 moenia
839 1955 929 2015 uaris.

136 2056 206 2118 pars
227 2037 317 2115 igitur
338 2040 500 2119 temptabat
521 2038 618 2100 adhuc
638 2039 778 2100 invadere
798 2037 914 2119 pinum,

135 2141 204 2202 pars
226 2122 314 2183 maris
336 2122 416 2183 intus
431 2134 503 2184 erat.
547 2123 696 2204 trepidant
718 2122 796 2184 haud
819 2122 909 2185 setius
932 2141 1044 2197 omnes,

136 2223 223 2286 quam
247 2205 321 2268 solet
343 2207 426 2283 urbs,
449 2208 515 2269 aliis
535 2226 654 2270 murum
677 2208 858 2270 fodientibus
880 2217 961 2271 extra

135 2301 223 2372 atque
245 2291 309 2353 aliis
330 2311 459 2369 murum,
482 2294 640 2374 trepidare,
662 2293 833 2355 tenentibus
854 2294 946 2355 intus.

135 2376 234 2437 delicit
256 2396 303 2438 ars
325 2378 475 2458 animique
498 2379 625 2440 cadunt:
647 2378 829 2459 totidemque
851 2378 996 2452 videntur,

135 2473 209 2541 quot
227 2462 346 2523 veniant
367 2463 485 2537 lluctus,
507 2482 595 2525 ruere
616 2473 706 2543 atque
727 2463 899 2545 inrumpere
921 2470 1042 2524 mortes.

135 2565 195 2607 nou
219 2554 299 2607 tenet
321 2548 369 2608 hic
392 2548 535 2623 lacrimas,
558 2558 658 2630 stupet
679 2549 739 2621 hic,
760 2559 845 2610 vocat
867 2548 916 2608 ille
938 2546 1048 2621 beatos,

134 2633 237 2692 lunera
261 2650 336 2711 quos
357 2642 505 2693 maneant.
549 2634 599 2694 hic
619 2634 695 2694 votis
717 2652 828 2694 numen
850 2633 952 2694 adorat

133 2715 329 2796 bracchiaque
351 2718 385 2778 ad
409 2718 533 2792 caelum,
556 2718 635 2798 quod
658 2736 719 2779 uon
741 2718 829 2792 videt,
851 2717 940 2779 inrita
961 2715 1068 2778 tollens

134 2801 230 2882 poscit
253 2820 351 2882 opem,
373 2803 504 2864 subeunt
525 2802 567 2863 illi
591 2803 739 2884 fraterque
761 2821 938 2884 parensque,

132 2886 204 2946 huic
226 2904 292 2947 cum
315 2886 492 2966 pignoribus
514 2887 622 2948 domus
643 2897 673 2948 et
695 2887 894 2968 quodcunque
915 2886 1050 2949 relictum
1073 2895 1126 2946 est.

133 2971 265 3049 Alcyone
287 2971 377 3051 Ceyca
401 2981 508 3041 movet,
532 2972 635 3052 Ceycis
657 2973 687 3033 in
711 2991 762 3033 ore

134 3056 215 3116 nulla
238 3057 294 3116 nisi
317 3055 446 3136 Alcyone
469 3067 529 3129 est;
553 3068 671 3118 etcum
695 3056 840 3118 desideret
862 3074 962 3130 uuam,
1168 3063 1210 3112 545

135 3141 241 3218 gaudet
263 3141 365 3201 abesse
386 3153 495 3202 tamen.
540 3142 652 3222 patriae
674 3160 794 3222 quoque
816 3140 900 3203 vellet
923 3142 959 3203 ad
982 3158 1048 3202 oras

201 3294 250 3343 dil
271 3307 359 3342 meroe
372 3304 393 3343 tr
406 3310 477 3343 corr.
490 3291 564 3355 eard)
577 3290 602 3341 Μ
655 3294 706 3344 516
719 3291 840 3358 nubibus]
854 3291 978 3344 imbribus
995 3310 1009 3342 s
1060 3291 1109 3342 518
1122 3304 1172 3338 om.
1184 3286 1209 3338 Μ

134 3359 281 3426 ascendere]
301 3358 456 3412 scanderet
506 3363 555 3412 522
574 3360 730 3411 minantiah
784 3360 904 3411 micantia
923 3359 1042 3410 edocit.
1093 3359 1142 3409 523
1162 3356 1210 3407 lul·

132 3426 259 3478 mineislll
313 3427 493 3480 candescunta
547 3426 774 3494 ignibusignesbl
827 3431 877 3480 bil
896 3424 991 3479 danti
1042 3427 1210 3489 sallusiues

132 3493 140 3544 i
159 3498 239 3555 corr.)
257 3493 282 3545 Μ
343 3498 392 3548 529
414 3497 522 3548 noviens
541 3497 690 3547 mondolio
708 3495 832 3547 Merkolii
883 3495 965 3558 celsi}
987 3499 1017 3545 in
1035 3512 1089 3547 rua.
1107 3510 1124 3544 u
1141 3509 1175 3544 m.
1192 3494 1210 3544 3

131 3561 306 3683 Miacce'lppt
357 3628 416 3682 dei
433 3632 638 3682 nidilnotntum
692 3630 838 3684 bdiesistil
857 3625 897 3719 λ.
925 3629 1074 3683 5³lom.lll
1128 3629 1208 3680 setius

130 3783 301 3833 conhiieim.
352 3784 490 3850 segnius:
543 3787 593 3836 536
611 3761 702 3835 mirum
720 3779 746 3833 Μ
800 3785 849 3835 539
867 3723 947 3836 ΜΜΜ
1000 3784 1048 3835 542
1067 3781 1207 3848 iratresqne

130 3850 220 3902 Heius.
272 3859 426 3919 paterquea
478 3855 528 3905 543
548 3850 616 3919 quod
634 3851 719 3919 cir'slq:
734 3848 760 3902 Μ
807 3850 876 3918 quod
894 3847 1020 3919 cuiquei
1070 3849 1211 3914 quodeci-

129 3933 262 3986 cunques
