<?xml version="1.0" encoding="UTF-8"?>
<!DOCTYPE html PUBLIC "-//W3C//DTD XHTML 1.0 Transitional//EN"
    "http://www.w3.org/TR/xhtml1/DTD/xhtml1-transitional.dtd">
<html xmlns="http://www.w3.org/1999/xhtml" xml:lang="en" lang="en">
 <head>
  <title>
</title>
<meta http-equiv="Content-Type" content="text/html;charset=utf-8" />
  <meta name='ocr-system' content='tesseract 3.04.00' />
  <meta name='ocr-capabilities' content='ocr_page ocr_carea ocr_par ocr_line ocrx_word'/>
</head>
<body>
  <div class='ocr_page' id='page_1' title='image "./povidinasonisme00korngoog_0155.png"; bbox 0 0 2692 4230; ppageno 0'>
   <div class='ocr_carea' id='block_1_1' title="bbox 109 103 719 167">
    <p class='ocr_par' dir='ltr' id='par_1_1' title="bbox 109 103 719 167">
     <span class='ocr_line' id='line_1_1' title="bbox 109 103 719 167; baseline -0.002 -3"><span class='ocrx_word' id='word_1_1' title='bbox 109 103 170 167; x_wconf 81' lang='grc'><strong>138</strong></span> <span class='ocrx_word' id='word_1_2' title='bbox 567 110 719 164; x_wconf 79' lang='grc' dir='ltr'><strong>ΜΕΤΑΜΜ.</strong></span> 
     </span>
    </p>
   </div>
   <div class='ocr_carea' id='block_1_2' title="bbox 107 280 959 684">
    <p class='ocr_par' dir='ltr' id='par_1_2' title="bbox 107 280 959 684">
     <span class='ocr_line' id='line_1_2' title="bbox 108 280 930 359; baseline -0.001 -15"><span class='ocrx_word' id='word_1_3' title='bbox 108 282 253 356; x_wconf 87' lang='lat' dir='ltr'><strong>hostibus,</strong></span> <span class='ocrx_word' id='word_1_4' title='bbox 275 293 326 344; x_wconf 93' lang='lat' dir='ltr'><strong>aut</strong></span> <span class='ocrx_word' id='word_1_5' title='bbox 348 283 431 345; x_wconf 89' lang='lat' dir='ltr'><strong>avido</strong></span> <span class='ocrx_word' id='word_1_6' title='bbox 454 280 571 343; x_wconf 93' lang='lat' dir='ltr'><strong>dabitur</strong></span> <span class='ocrx_word' id='word_1_7' title='bbox 592 280 652 340; x_wconf 85' lang='lat' dir='ltr'><strong>lem</strong></span> <span class='ocrx_word' id='word_1_8' title='bbox 674 282 781 359; x_wconf 92' lang='lat' dir='ltr'><strong>praeda</strong></span> <span class='ocrx_word' id='word_1_9' title='bbox 802 284 930 346; x_wconf 87' lang='lat' dir='ltr'><strong>draconi.</strong></span> 
     </span>
     <span class='ocr_line' id='line_1_3' title="bbox 107 362 886 449; baseline 0.003 -20"><span class='ocrx_word' id='word_1_10' title='bbox 107 369 165 430; x_wconf 93' lang='lat' dir='ltr'><strong>hoc</strong></span> <span class='ocrx_word' id='word_1_11' title='bbox 187 387 241 447; x_wconf 90' lang='lat' dir='ltr'><strong>ego</strong></span> <span class='ocrx_word' id='word_1_12' title='bbox 264 368 289 428; x_wconf 90' lang='lat' dir='ltr'><strong>si</strong></span> <span class='ocrx_word' id='word_1_13' title='bbox 312 368 415 449; x_wconf 82' lang='lat' dir='ltr'><strong>patiar,</strong></span> <span class='ocrx_word' id='word_1_14' title='bbox 439 374 503 426; x_wconf 91' lang='lat' dir='ltr'><strong>tum</strong></span> <span class='ocrx_word' id='word_1_15' title='bbox 525 380 573 423; x_wconf 87' lang='lat' dir='ltr'><strong>mc</strong></span> <span class='ocrx_word' id='word_1_16' title='bbox 594 362 631 423; x_wconf 86' lang='lat' dir='ltr'><strong>do</strong></span> <span class='ocrx_word' id='word_1_17' title='bbox 652 364 757 442; x_wconf 78' lang='lat' dir='ltr'><strong>tigride</strong></span> <span class='ocrx_word' id='word_1_18' title='bbox 780 379 886 443; x_wconf 81' lang='lat' dir='ltr'><strong>natam,</strong></span> 
     </span>
     <span class='ocr_line' id='line_1_4' title="bbox 108 447 959 528; baseline 0.001 -14"><span class='ocrx_word' id='word_1_19' title='bbox 108 461 171 514; x_wconf 90' lang='lat' dir='ltr'><strong>tum</strong></span> <span class='ocrx_word' id='word_1_20' title='bbox 194 454 304 514; x_wconf 85' lang='lat' dir='ltr'><strong>terrum</strong></span> <span class='ocrx_word' id='word_1_21' title='bbox 327 463 356 514; x_wconf 91' lang='lat' dir='ltr'><strong>et</strong></span> <span class='ocrx_word' id='word_1_22' title='bbox 377 447 518 528; x_wconf 90' lang='lat' dir='ltr'><strong>scopulos</strong></span> <span class='ocrx_word' id='word_1_23' title='bbox 540 457 653 525; x_wconf 88' lang='lat' dir='ltr'><strong>gestare</strong></span> <span class='ocrx_word' id='word_1_24' title='bbox 673 448 704 508; x_wconf 93' lang='lat' dir='ltr'><strong>in</strong></span> <span class='ocrx_word' id='word_1_25' title='bbox 727 453 815 513; x_wconf 91' lang='lat' dir='ltr'><strong>corde</strong></span> <span class='ocrx_word' id='word_1_26' title='bbox 837 454 959 515; x_wconf 88' lang='lat' dir='ltr'><strong>latebor.</strong></span> 
     </span>
     <span class='ocr_line' id='line_1_5' title="bbox 107 532 943 617; baseline 0.001 -18"><span class='ocrx_word' id='word_1_27' title='bbox 107 556 160 599; x_wconf 92' lang='lat' dir='ltr'><strong>cur</strong></span> <span class='ocrx_word' id='word_1_28' title='bbox 182 556 242 598; x_wconf 94' lang='lat' dir='ltr'><strong>non</strong></span> <span class='ocrx_word' id='word_1_29' title='bbox 266 545 296 598; x_wconf 91' lang='lat' dir='ltr'><strong>et</strong></span> <span class='ocrx_word' id='word_1_30' title='bbox 316 543 418 617; x_wconf 90' lang='lat' dir='ltr'><strong>specto</strong></span> <span class='ocrx_word' id='word_1_31' title='bbox 440 540 616 613; x_wconf 87' lang='lat' dir='ltr'><strong>pereuntem</strong></span> <span class='ocrx_word' id='word_1_32' title='bbox 638 532 799 613; x_wconf 91' lang='lat' dir='ltr'><strong>oculosque</strong></span> <span class='ocrx_word' id='word_1_33' title='bbox 819 539 943 600; x_wconf 80' lang='lat' dir='ltr'><strong>videndo</strong></span> 
     </span>
     <span class='ocr_line' id='line_1_6' title="bbox 107 618 902 684; baseline -0.001 0"><span class='ocrx_word' id='word_1_34' title='bbox 107 618 302 684; x_wconf 80' lang='lat' dir='ltr'><strong>conscelerol</strong></span> <span class='ocrx_word' id='word_1_35' title='bbox 323 637 378 681; x_wconf 92' lang='lat' dir='ltr'><strong>cur</strong></span> <span class='ocrx_word' id='word_1_36' title='bbox 399 634 460 678; x_wconf 93' lang='lat' dir='ltr'><strong>non</strong></span> <span class='ocrx_word' id='word_1_37' title='bbox 483 625 584 680; x_wconf 90' lang='lat' dir='ltr'><strong>tauros</strong></span> <span class='ocrx_word' id='word_1_38' title='bbox 605 618 741 679; x_wconf 85' lang='lat' dir='ltr'><strong>exhortor</strong></span> <span class='ocrx_word' id='word_1_39' title='bbox 763 619 793 678; x_wconf 93' lang='lat' dir='ltr'><strong>in</strong></span> <span class='ocrx_word' id='word_1_40' title='bbox 819 620 902 684; x_wconf 89' lang='lat' dir='ltr'><strong>illum</strong></span> 
     </span>
    </p>
   </div>
   <div class='ocr_carea' id='block_1_3' title="bbox 105 701 1012 1039">
    <p class='ocr_par' dir='ltr' id='par_1_3' title="bbox 105 701 870 786">
     <span class='ocr_line' id='line_1_7' title="bbox 105 701 870 786; baseline -0.005 -17"><span class='ocrx_word' id='word_1_41' title='bbox 105 707 328 786; x_wconf 82' lang='lat' dir='ltr'><strong>terrigenasque</strong></span> <span class='ocrx_word' id='word_1_42' title='bbox 351 703 429 763; x_wconf 85' lang='lat' dir='ltr'><strong>ieros</strong></span> <span class='ocrx_word' id='word_1_43' title='bbox 450 701 671 785; x_wconf 82' lang='lat' dir='ltr'><strong>insopitumque</strong></span> <span class='ocrx_word' id='word_1_44' title='bbox 692 702 870 765; x_wconf 77' lang='lat' dir='ltr'><strong>draconem?</strong></span> 
     </span>
    </p>

    <p class='ocr_par' dir='ltr' id='par_1_4' title="bbox 105 786 1012 1039">
     <span class='ocr_line' id='line_1_8' title="bbox 105 786 953 868; baseline 0.001 -15"><span class='ocrx_word' id='word_1_45' title='bbox 105 792 135 853; x_wconf 91' lang='lat' dir='ltr'><strong>di</strong></span> <span class='ocrx_word' id='word_1_46' title='bbox 157 791 279 852; x_wconf 92' lang='lat' dir='ltr'><strong>meliora</strong></span> <span class='ocrx_word' id='word_1_47' title='bbox 300 786 401 847; x_wconf 84' lang='lat' dir='ltr'><strong>velint</strong></span> <span class='ocrx_word' id='word_1_48' title='bbox 438 804 614 868; x_wconf 90' lang='lat' dir='ltr'><strong>quamquam</strong></span> <span class='ocrx_word' id='word_1_49' title='bbox 637 807 697 850; x_wconf 92' lang='lat' dir='ltr'><strong>non</strong></span> <span class='ocrx_word' id='word_1_50' title='bbox 723 788 775 849; x_wconf 88' lang='lat' dir='ltr'><strong>ista</strong></span> <span class='ocrx_word' id='word_1_51' title='bbox 798 792 953 868; x_wconf 79' lang='lat' dir='ltr'><strong>precanda,</strong></span> 
     </span>
     <span class='ocr_line' id='line_1_9' title="bbox 105 870 1012 953; baseline 0 -15"><span class='ocrx_word' id='word_1_52' title='bbox 105 876 158 938; x_wconf 88' lang='lat' dir='ltr'><strong>sed</strong></span> <span class='ocrx_word' id='word_1_53' title='bbox 179 872 310 936; x_wconf 85' lang='lat' dir='ltr'><strong>iacienda</strong></span> <span class='ocrx_word' id='word_1_54' title='bbox 333 870 415 931; x_wconf 91' lang='lat' dir='ltr'><strong>mibi.</strong></span> <span class='ocrx_word' id='word_1_55' title='bbox 437 905 479 916; x_wconf 96' lang='lat'><em>-</em></span> <span class='ocrx_word' id='word_1_56' title='bbox 502 873 663 953; x_wconf 91' lang='lat' dir='ltr'><strong>prodamne</strong></span> <span class='ocrx_word' id='word_1_57' title='bbox 684 891 738 953; x_wconf 91' lang='lat' dir='ltr'><strong>ego</strong></span> <span class='ocrx_word' id='word_1_58' title='bbox 760 890 850 951; x_wconf 91' lang='lat' dir='ltr'><strong>regna</strong></span> <span class='ocrx_word' id='word_1_59' title='bbox 873 877 1012 953; x_wconf 84' lang='lat' dir='ltr'><strong>parentis,</strong></span> 
     </span>
     <span class='ocr_line' id='line_1_10' title="bbox 105 955 937 1039; baseline -0.002 -18"><span class='ocrx_word' id='word_1_60' title='bbox 105 967 195 1039; x_wconf 90' lang='lat' dir='ltr'><strong>atque</strong></span> <span class='ocrx_word' id='word_1_61' title='bbox 217 974 275 1037; x_wconf 92' lang='lat' dir='ltr'><strong>cpe</strong></span> <span class='ocrx_word' id='word_1_62' title='bbox 297 955 398 1016; x_wconf 89' lang='lat' dir='ltr'><strong>nescio</strong></span> <span class='ocrx_word' id='word_1_63' title='bbox 422 955 489 1036; x_wconf 86' lang='lat' dir='ltr'><strong>quis</strong></span> <span class='ocrx_word' id='word_1_64' title='bbox 511 959 672 1021; x_wconf 81' lang='lat' dir='ltr'><strong>servabitur</strong></span> <span class='ocrx_word' id='word_1_65' title='bbox 692 959 801 1020; x_wconf 84' lang='lat' dir='ltr'><strong>advena</strong></span> <span class='ocrx_word' id='word_1_66' title='bbox 827 967 937 1033; x_wconf 86' lang='lat' dir='ltr'><strong>nostra,</strong></span> 
     </span>
    </p>
   </div>
   <div class='ocr_carea' id='block_1_4' title="bbox 7 1037 859 1124">
    <p class='ocr_par' dir='ltr' id='par_1_5' title="bbox 7 1037 859 1124">
     <span class='ocr_line' id='line_1_11' title="bbox 7 1037 859 1124; baseline -0.006 -18"><span class='ocrx_word' id='word_1_67' title='bbox 7 1037 9 1041; x_wconf 66' lang='grc'>’</span> <span class='ocrx_word' id='word_1_68' title='bbox 104 1053 139 1105; x_wconf 94' lang='lat' dir='ltr'><strong>ut</strong></span> <span class='ocrx_word' id='word_1_69' title='bbox 161 1062 215 1124; x_wconf 91' lang='lat' dir='ltr'><strong>per</strong></span> <span class='ocrx_word' id='word_1_70' title='bbox 236 1058 283 1100; x_wconf 93' lang='lat' dir='ltr'><strong>me</strong></span> <span class='ocrx_word' id='word_1_71' title='bbox 305 1058 409 1121; x_wconf 86' lang='lat' dir='ltr'><strong>sospes</strong></span> <span class='ocrx_word' id='word_1_72' title='bbox 431 1040 497 1103; x_wconf 86' lang='lat' dir='ltr'><strong>sine</strong></span> <span class='ocrx_word' id='word_1_73' title='bbox 519 1061 567 1105; x_wconf 91' lang='lat' dir='ltr'><strong>me</strong></span> <span class='ocrx_word' id='word_1_74' title='bbox 587 1045 637 1106; x_wconf 90' lang='lat' dir='ltr'><strong>det</strong></span> <span class='ocrx_word' id='word_1_75' title='bbox 657 1044 745 1106; x_wconf 89' lang='lat' dir='ltr'><strong>lintea</strong></span> <span class='ocrx_word' id='word_1_76' title='bbox 766 1041 859 1104; x_wconf 87' lang='lat' dir='ltr'><strong>ventis</strong></span> 
     </span>
    </p>
   </div>
   <div class='ocr_carea' id='block_1_5' title="bbox 104 1124 1062 3071">
    <p class='ocr_par' dir='ltr' id='par_1_6' title="bbox 105 1124 872 1209">
     <span class='ocr_line' id='line_1_12' title="bbox 105 1124 872 1209; baseline 0 -21"><span class='ocrx_word' id='word_1_77' title='bbox 105 1129 209 1206; x_wconf 88' lang='lat' dir='ltr'><strong>virque</strong></span> <span class='ocrx_word' id='word_1_78' title='bbox 231 1125 270 1186; x_wconf 91' lang='lat' dir='ltr'><strong>sit</strong></span> <span class='ocrx_word' id='word_1_79' title='bbox 291 1124 422 1199; x_wconf 85' lang='lat' dir='ltr'><strong>alterius,</strong></span> <span class='ocrx_word' id='word_1_80' title='bbox 444 1144 559 1208; x_wconf 90' lang='lat' dir='ltr'><strong>poenae</strong></span> <span class='ocrx_word' id='word_1_81' title='bbox 580 1129 679 1192; x_wconf 80' lang='lat' dir='ltr'><strong>Medea</strong></span> <span class='ocrx_word' id='word_1_82' title='bbox 701 1124 872 1209; x_wconf 77' lang='lat' dir='ltr'><strong>relinquar?</strong></span> 
     </span>
    </p>

    <p class='ocr_par' dir='ltr' id='par_1_7' title="bbox 106 1209 914 1374">
     <span class='ocr_line' id='line_1_13' title="bbox 107 1209 914 1295; baseline 0.001 -23"><span class='ocrx_word' id='word_1_83' title='bbox 107 1213 131 1272; x_wconf 92' lang='lat' dir='ltr'><strong>si</strong></span> <span class='ocrx_word' id='word_1_84' title='bbox 155 1213 250 1272; x_wconf 88' lang='lat' dir='ltr'><strong>lacere</strong></span> <span class='ocrx_word' id='word_1_85' title='bbox 272 1210 330 1270; x_wconf 93' lang='lat' dir='ltr'><strong>boc</strong></span> <span class='ocrx_word' id='word_1_86' title='bbox 351 1209 474 1273; x_wconf 84' lang='lat' dir='ltr'><strong>aliamve</strong></span> <span class='ocrx_word' id='word_1_87' title='bbox 495 1222 593 1294; x_wconf 87' lang='lat' dir='ltr'><strong>potest</strong></span> <span class='ocrx_word' id='word_1_88' title='bbox 614 1232 796 1295; x_wconf 81' lang='lat' dir='ltr'><strong>praeponere</strong></span> <span class='ocrx_word' id='word_1_89' title='bbox 818 1211 914 1286; x_wconf 84' lang='lat' dir='ltr'><strong>nobis,</strong></span> 
     </span>
     <span class='ocr_line' id='line_1_14' title="bbox 106 1295 867 1374; baseline 0.003 -18"><span class='ocrx_word' id='word_1_90' title='bbox 106 1295 223 1357; x_wconf 91' lang='lat' dir='ltr'><strong>occidat</strong></span> <span class='ocrx_word' id='word_1_91' title='bbox 243 1295 386 1374; x_wconf 88' lang='lat' dir='ltr'><strong>ingratus.</strong></span> <span class='ocrx_word' id='word_1_92' title='bbox 431 1298 482 1358; x_wconf 89' lang='lat' dir='ltr'><strong>sed</strong></span> <span class='ocrx_word' id='word_1_93' title='bbox 505 1316 566 1360; x_wconf 95' lang='lat' dir='ltr'><strong>non</strong></span> <span class='ocrx_word' id='word_1_94' title='bbox 588 1298 614 1359; x_wconf 87' lang='lat' dir='ltr'><strong>is</strong></span> <span class='ocrx_word' id='word_1_95' title='bbox 634 1299 731 1361; x_wconf 84' lang='lat' dir='ltr'><strong>vultus</strong></span> <span class='ocrx_word' id='word_1_96' title='bbox 752 1299 784 1360; x_wconf 92' lang='lat' dir='ltr'><strong>in</strong></span> <span class='ocrx_word' id='word_1_97' title='bbox 806 1297 867 1373; x_wconf 92' lang='lat' dir='ltr'><strong>illo,</strong></span> 
     </span>
    </p>

    <p class='ocr_par' dir='ltr' id='par_1_8' title="bbox 106 1380 892 1462">
     <span class='ocr_line' id='line_1_15' title="bbox 106 1380 892 1462; baseline 0.006 -22"><span class='ocrx_word' id='word_1_98' title='bbox 106 1399 168 1441; x_wconf 92' lang='lat' dir='ltr'><strong>non</strong></span> <span class='ocrx_word' id='word_1_99' title='bbox 191 1398 224 1441; x_wconf 92' lang='lat' dir='ltr'><strong>ea</strong></span> <span class='ocrx_word' id='word_1_100' title='bbox 246 1380 386 1442; x_wconf 87' lang='lat' dir='ltr'><strong>nobilitas</strong></span> <span class='ocrx_word' id='word_1_101' title='bbox 407 1382 506 1443; x_wconf 88' lang='lat' dir='ltr'><strong>animo</strong></span> <span class='ocrx_word' id='word_1_102' title='bbox 530 1391 584 1459; x_wconf 82' lang='lat' dir='ltr'><strong>est,</strong></span> <span class='ocrx_word' id='word_1_103' title='bbox 606 1402 639 1445; x_wconf 90' lang='lat' dir='ltr'><strong>ea</strong></span> <span class='ocrx_word' id='word_1_104' title='bbox 661 1384 751 1462; x_wconf 90' lang='lat' dir='ltr'><strong>gratia</strong></span> <span class='ocrx_word' id='word_1_105' title='bbox 772 1385 892 1457; x_wconf 80' lang='lat' dir='ltr'><strong>formae,</strong></span> 
     </span>
    </p>

    <p class='ocr_par' dir='ltr' id='par_1_9' title="bbox 105 1465 865 1546">
     <span class='ocr_line' id='line_1_16' title="bbox 105 1465 865 1546; baseline 0.001 -19"><span class='ocrx_word' id='word_1_106' title='bbox 105 1474 139 1527; x_wconf 90' lang='lat' dir='ltr'><strong>ut</strong></span> <span class='ocrx_word' id='word_1_107' title='bbox 162 1465 280 1528; x_wconf 89' lang='lat' dir='ltr'><strong>timeam</strong></span> <span class='ocrx_word' id='word_1_108' title='bbox 304 1466 435 1528; x_wconf 91' lang='lat' dir='ltr'><strong>lraudem</strong></span> <span class='ocrx_word' id='word_1_109' title='bbox 458 1467 613 1546; x_wconf 91' lang='lat' dir='ltr'><strong>meritique</strong></span> <span class='ocrx_word' id='word_1_110' title='bbox 635 1468 739 1529; x_wconf 84' lang='lat' dir='ltr'><strong>oblivia</strong></span> <span class='ocrx_word' id='word_1_111' title='bbox 762 1469 865 1530; x_wconf 90' lang='lat' dir='ltr'><strong>nostri.</strong></span> 
     </span>
    </p>

    <p class='ocr_par' dir='ltr' id='par_1_10' title="bbox 104 1551 966 1803">
     <span class='ocr_line' id='line_1_17' title="bbox 107 1551 932 1629; baseline 0 -17"><span class='ocrx_word' id='word_1_112' title='bbox 107 1559 136 1613; x_wconf 91' lang='lat' dir='ltr'><strong>et</strong></span> <span class='ocrx_word' id='word_1_113' title='bbox 158 1551 237 1614; x_wconf 88' lang='lat' dir='ltr'><strong>dabit</strong></span> <span class='ocrx_word' id='word_1_114' title='bbox 259 1560 327 1612; x_wconf 87' lang='lat' dir='ltr'><strong>ante</strong></span> <span class='ocrx_word' id='word_1_115' title='bbox 349 1551 447 1623; x_wconf 82' lang='lat' dir='ltr'><strong>fidem,</strong></span> <span class='ocrx_word' id='word_1_116' title='bbox 469 1568 631 1629; x_wconf 78' lang='lat' dir='ltr'><strong>cogamque</strong></span> <span class='ocrx_word' id='word_1_117' title='bbox 653 1552 683 1611; x_wconf 93' lang='lat' dir='ltr'><strong>in</strong></span> <span class='ocrx_word' id='word_1_118' title='bbox 707 1553 822 1613; x_wconf 81' lang='lat' dir='ltr'><strong>foedera</strong></span> <span class='ocrx_word' id='word_1_119' title='bbox 844 1561 932 1612; x_wconf 88' lang='lat' dir='ltr'><strong>testes</strong></span> 
     </span>
     <span class='ocr_line' id='line_1_18' title="bbox 105 1631 966 1713; baseline -0.002 -15"><span class='ocrx_word' id='word_1_120' title='bbox 105 1655 170 1698; x_wconf 90' lang='lat' dir='ltr'><strong>esse</strong></span> <span class='ocrx_word' id='word_1_121' title='bbox 192 1637 272 1698; x_wconf 88' lang='lat' dir='ltr'><strong>deos.</strong></span> <span class='ocrx_word' id='word_1_122' title='bbox 317 1633 388 1713; x_wconf 93' lang='lat' dir='ltr'><strong>quid</strong></span> <span class='ocrx_word' id='word_1_123' title='bbox 410 1643 472 1694; x_wconf 87' lang='lat' dir='ltr'><strong>tuta</strong></span> <span class='ocrx_word' id='word_1_124' title='bbox 495 1631 603 1695; x_wconf 76' lang='lat' dir='ltr'><strong>times?</strong></span> <span class='ocrx_word' id='word_1_125' title='bbox 624 1635 777 1713; x_wconf 89' lang='lat' dir='ltr'><strong>accingere</strong></span> <span class='ocrx_word' id='word_1_126' title='bbox 799 1644 827 1696; x_wconf 91' lang='lat' dir='ltr'><strong>et</strong></span> <span class='ocrx_word' id='word_1_127' title='bbox 848 1653 966 1696; x_wconf 90' lang='lat' dir='ltr'><strong>omnem</strong></span> 
     </span>
     <span class='ocr_line' id='line_1_19' title="bbox 104 1717 861 1803; baseline -0.004 -20"><span class='ocrx_word' id='word_1_128' title='bbox 104 1720 183 1803; x_wconf 89' lang='lat' dir='ltr'><strong>pelle</strong></span> <span class='ocrx_word' id='word_1_129' title='bbox 204 1736 334 1781; x_wconf 88' lang='lat' dir='ltr'><strong>moram:</strong></span> <span class='ocrx_word' id='word_1_130' title='bbox 358 1717 411 1778; x_wconf 93' lang='lat' dir='ltr'><strong>tibi</strong></span> <span class='ocrx_word' id='word_1_131' title='bbox 434 1735 466 1778; x_wconf 90' lang='lat' dir='ltr'><strong>se</strong></span> <span class='ocrx_word' id='word_1_132' title='bbox 488 1736 605 1798; x_wconf 89' lang='lat' dir='ltr'><strong>semper</strong></span> <span class='ocrx_word' id='word_1_133' title='bbox 626 1718 743 1780; x_wconf 86' lang='lat' dir='ltr'><strong>debebit</strong></span> <span class='ocrx_word' id='word_1_134' title='bbox 767 1719 861 1791; x_wconf 90' lang='lat' dir='ltr'><strong>lason,</strong></span> 
     </span>
    </p>

    <p class='ocr_par' dir='ltr' id='par_1_11' title="bbox 105 1802 890 1951">
     <span class='ocr_line' id='line_1_20' title="bbox 105 1802 880 1885; baseline -0.001 -18"><span class='ocrx_word' id='word_1_135' title='bbox 105 1817 134 1867; x_wconf 90' lang='lat' dir='ltr'><strong>te</strong></span> <span class='ocrx_word' id='word_1_136' title='bbox 157 1806 219 1866; x_wconf 91' lang='lat' dir='ltr'><strong>lace</strong></span> <span class='ocrx_word' id='word_1_137' title='bbox 241 1802 378 1864; x_wconf 81' lang='lat' dir='ltr'><strong>sollemni</strong></span> <span class='ocrx_word' id='word_1_138' title='bbox 401 1802 505 1882; x_wconf 85' lang='lat' dir='ltr'><strong>iunget</strong></span> <span class='ocrx_word' id='word_1_139' title='bbox 526 1803 592 1876; x_wconf 66' lang='lat' dir='ltr'><strong>sibi,</strong></span> <span class='ocrx_word' id='word_1_140' title='bbox 614 1823 724 1885; x_wconf 86' lang='lat' dir='ltr'><strong>perque</strong></span> <span class='ocrx_word' id='word_1_141' title='bbox 746 1805 880 1884; x_wconf 87' lang='lat' dir='ltr'><strong>Pelasgas</strong></span> 
     </span>
     <span class='ocr_line' id='line_1_21' title="bbox 105 1887 890 1951; baseline 0 -1"><span class='ocrx_word' id='word_1_142' title='bbox 105 1889 245 1950; x_wconf 80' lang='lat' dir='ltr'><strong>servatrix</strong></span> <span class='ocrx_word' id='word_1_143' title='bbox 266 1887 355 1948; x_wconf 90' lang='lat' dir='ltr'><strong>urbes</strong></span> <span class='ocrx_word' id='word_1_144' title='bbox 377 1895 504 1948; x_wconf 86' lang='lat' dir='ltr'><strong>matrum</strong></span> <span class='ocrx_word' id='word_1_145' title='bbox 526 1888 711 1951; x_wconf 80' lang='lat' dir='ltr'><strong>celebrabere</strong></span> <span class='ocrx_word' id='word_1_146' title='bbox 732 1889 826 1950; x_wconf 88' lang='lat' dir='ltr'><strong>turba.</strong></span> <span class='ocrx_word' id='word_1_147' title='bbox 847 1923 890 1934; x_wconf 92' lang='lat'><em>-</em></span> 
     </span>
    </p>

    <p class='ocr_par' dir='ltr' id='par_1_12' title="bbox 105 1972 991 2138">
     <span class='ocr_line' id='line_1_22' title="bbox 105 1972 991 2054; baseline -0.003 -19"><span class='ocrx_word' id='word_1_148' title='bbox 105 1991 176 2054; x_wconf 91' lang='lat' dir='ltr'><strong>ergo</strong></span> <span class='ocrx_word' id='word_1_149' title='bbox 199 1990 253 2051; x_wconf 90' lang='lat' dir='ltr'><strong>ego</strong></span> <span class='ocrx_word' id='word_1_150' title='bbox 277 1990 448 2050; x_wconf 87' lang='lat' dir='ltr'><strong>germanam</strong></span> <span class='ocrx_word' id='word_1_151' title='bbox 469 1972 646 2054; x_wconf 83' lang='lat' dir='ltr'><strong>fratremque</strong></span> <span class='ocrx_word' id='word_1_152' title='bbox 668 1983 839 2053; x_wconf 87' lang='lat' dir='ltr'><strong>patremque</strong></span> <span class='ocrx_word' id='word_1_153' title='bbox 861 1973 991 2051; x_wconf 89' lang='lat' dir='ltr'><strong>deosque</strong></span> 
     </span>
     <span class='ocr_line' id='line_1_23' title="bbox 106 2055 831 2138; baseline -0.003 -18"><span class='ocrx_word' id='word_1_154' title='bbox 106 2067 136 2120; x_wconf 88' lang='lat' dir='ltr'><strong>et</strong></span> <span class='ocrx_word' id='word_1_155' title='bbox 156 2057 252 2119; x_wconf 88' lang='lat' dir='ltr'><strong>natale</strong></span> <span class='ocrx_word' id='word_1_156' title='bbox 274 2057 381 2131; x_wconf 90' lang='lat' dir='ltr'><strong>solum,</strong></span> <span class='ocrx_word' id='word_1_157' title='bbox 403 2055 499 2119; x_wconf 88' lang='lat' dir='ltr'><strong>ventis</strong></span> <span class='ocrx_word' id='word_1_158' title='bbox 520 2057 623 2131; x_wconf 85' lang='lat' dir='ltr'><strong>ablata,</strong></span> <span class='ocrx_word' id='word_1_159' title='bbox 645 2056 831 2138; x_wconf 81' lang='lat' dir='ltr'><strong>relinquam?</strong></span> 
     </span>
    </p>

    <p class='ocr_par' dir='ltr' id='par_1_13' title="bbox 105 2140 1017 2564">
     <span class='ocr_line' id='line_1_24' title="bbox 106 2140 996 2223; baseline -0.006 -18"><span class='ocrx_word' id='word_1_160' title='bbox 106 2161 213 2223; x_wconf 88' lang='lat' dir='ltr'><strong>nempe</strong></span> <span class='ocrx_word' id='word_1_161' title='bbox 235 2151 318 2223; x_wconf 91' lang='lat' dir='ltr'><strong>pater</strong></span> <span class='ocrx_word' id='word_1_162' title='bbox 339 2160 453 2217; x_wconf 84' lang='lat' dir='ltr'><strong>saevus,</strong></span> <span class='ocrx_word' id='word_1_163' title='bbox 475 2161 583 2222; x_wconf 91' lang='lat' dir='ltr'><strong>nempe</strong></span> <span class='ocrx_word' id='word_1_164' title='bbox 605 2153 648 2204; x_wconf 90' lang='lat' dir='ltr'><strong>est</strong></span> <span class='ocrx_word' id='word_1_165' title='bbox 669 2161 733 2204; x_wconf 91' lang='lat' dir='ltr'><strong>mea</strong></span> <span class='ocrx_word' id='word_1_166' title='bbox 755 2143 877 2204; x_wconf 89' lang='lat' dir='ltr'><strong>barbara</strong></span> <span class='ocrx_word' id='word_1_167' title='bbox 899 2140 996 2214; x_wconf 91' lang='lat' dir='ltr'><strong>tellus,</strong></span> 
     </span>
     <span class='ocr_line' id='line_1_25' title="bbox 105 2227 926 2300; baseline -0.002 -12"><span class='ocrx_word' id='word_1_168' title='bbox 105 2228 195 2290; x_wconf 87' lang='lat' dir='ltr'><strong>irater</strong></span> <span class='ocrx_word' id='word_1_169' title='bbox 216 2228 311 2289; x_wconf 88' lang='lat' dir='ltr'><strong>adhuc</strong></span> <span class='ocrx_word' id='word_1_170' title='bbox 333 2227 441 2287; x_wconf 84' lang='lat' dir='ltr'><strong>inians.</strong></span> <span class='ocrx_word' id='word_1_171' title='bbox 485 2237 564 2288; x_wconf 90' lang='lat' dir='ltr'><strong>stant</strong></span> <span class='ocrx_word' id='word_1_172' title='bbox 586 2245 699 2288; x_wconf 90' lang='lat' dir='ltr'><strong>mecum</strong></span> <span class='ocrx_word' id='word_1_173' title='bbox 721 2238 785 2288; x_wconf 83' lang='lat' dir='ltr'><strong>rota</strong></span> <span class='ocrx_word' id='word_1_174' title='bbox 808 2227 926 2300; x_wconf 79' lang='lat' dir='ltr'><strong>sororis,</strong></span> 
     </span>
     <span class='ocr_line' id='line_1_26' title="bbox 106 2311 1017 2392; baseline -0.004 -18"><span class='ocrx_word' id='word_1_175' title='bbox 106 2313 250 2374; x_wconf 86' lang='lat' dir='ltr'><strong>maximus</strong></span> <span class='ocrx_word' id='word_1_176' title='bbox 271 2313 347 2372; x_wconf 87' lang='lat' dir='ltr'><strong>intra</strong></span> <span class='ocrx_word' id='word_1_177' title='bbox 362 2330 418 2381; x_wconf 10' lang='lat' dir='ltr'><strong>*me</strong></span> <span class='ocrx_word' id='word_1_178' title='bbox 440 2311 512 2372; x_wconf 87' lang='lat' dir='ltr'><strong>deus</strong></span> <span class='ocrx_word' id='word_1_179' title='bbox 534 2322 587 2372; x_wconf 90' lang='lat' dir='ltr'><strong>est.</strong></span> <span class='ocrx_word' id='word_1_180' title='bbox 631 2331 691 2373; x_wconf 93' lang='lat' dir='ltr'><strong>non</strong></span> <span class='ocrx_word' id='word_1_181' title='bbox 713 2331 818 2392; x_wconf 90' lang='lat' dir='ltr'><strong>magna</strong></span> <span class='ocrx_word' id='word_1_182' title='bbox 844 2312 1017 2391; x_wconf 86' lang='lat' dir='ltr'><strong>relinquam,</strong></span> 
     </span>
     <span class='ocr_line' id='line_1_27' title="bbox 106 2396 900 2478; baseline -0.003 -19"><span class='ocrx_word' id='word_1_183' title='bbox 106 2415 213 2476; x_wconf 89' lang='lat' dir='ltr'><strong>magua</strong></span> <span class='ocrx_word' id='word_1_184' title='bbox 234 2414 355 2475; x_wconf 87' lang='lat' dir='ltr'><strong>sequar:</strong></span> <span class='ocrx_word' id='word_1_185' title='bbox 380 2396 497 2457; x_wconf 88' lang='lat' dir='ltr'><strong>titulum</strong></span> <span class='ocrx_word' id='word_1_186' title='bbox 520 2406 647 2458; x_wconf 88' lang='lat' dir='ltr'><strong>servatae</strong></span> <span class='ocrx_word' id='word_1_187' title='bbox 668 2397 755 2478; x_wconf 84' lang='lat' dir='ltr'><strong>pubis</strong></span> <span class='ocrx_word' id='word_1_188' title='bbox 776 2398 900 2459; x_wconf 80' lang='lat' dir='ltr'><strong>Achivae</strong></span> 
     </span>
     <span class='ocr_line' id='line_1_28' title="bbox 106 2480 869 2564; baseline -0.001 -21"><span class='ocrx_word' id='word_1_189' title='bbox 106 2483 300 2561; x_wconf 87' lang='lat' dir='ltr'><strong>notitiamque</strong></span> <span class='ocrx_word' id='word_1_190' title='bbox 321 2480 379 2542; x_wconf 90' lang='lat' dir='ltr'><strong>loci</strong></span> <span class='ocrx_word' id='word_1_191' title='bbox 401 2480 532 2542; x_wconf 89' lang='lat' dir='ltr'><strong>melioris</strong></span> <span class='ocrx_word' id='word_1_192' title='bbox 554 2490 583 2542; x_wconf 91' lang='lat' dir='ltr'><strong>et</strong></span> <span class='ocrx_word' id='word_1_193' title='bbox 604 2483 721 2564; x_wconf 88' lang='lat' dir='ltr'><strong>oppida,</strong></span> <span class='ocrx_word' id='word_1_194' title='bbox 745 2501 869 2562; x_wconf 93' lang='lat' dir='ltr'><strong>quorum</strong></span> 
     </span>
    </p>

    <p class='ocr_par' dir='ltr' id='par_1_14' title="bbox 105 2565 1062 2817">
     <span class='ocr_line' id='line_1_29' title="bbox 106 2565 1009 2647; baseline -0.003 -18"><span class='ocrx_word' id='word_1_195' title='bbox 106 2567 156 2629; x_wconf 90' lang='lat' dir='ltr'><strong>bic</strong></span> <span class='ocrx_word' id='word_1_196' title='bbox 178 2585 298 2647; x_wconf 91' lang='lat' dir='ltr'><strong>quoque</strong></span> <span class='ocrx_word' id='word_1_197' title='bbox 320 2566 395 2627; x_wconf 87' lang='lat' dir='ltr'><strong>lama</strong></span> <span class='ocrx_word' id='word_1_198' title='bbox 418 2565 504 2645; x_wconf 87' lang='lat' dir='ltr'><strong>viget,</strong></span> <span class='ocrx_word' id='word_1_199' title='bbox 528 2567 682 2647; x_wconf 90' lang='lat' dir='ltr'><strong>cultusque</strong></span> <span class='ocrx_word' id='word_1_200' title='bbox 703 2576 838 2647; x_wconf 88' lang='lat' dir='ltr'><strong>artesque</strong></span> <span class='ocrx_word' id='word_1_201' title='bbox 860 2567 1009 2638; x_wconf 89' lang='lat' dir='ltr'><strong>locorum;</strong></span> 
     </span>
     <span class='ocr_line' id='line_1_30' title="bbox 106 2651 1062 2733; baseline -0.004 -19"><span class='ocrx_word' id='word_1_202' title='bbox 106 2669 254 2733; x_wconf 87' lang='lat' dir='ltr'><strong>quemque</strong></span> <span class='ocrx_word' id='word_1_203' title='bbox 277 2669 331 2730; x_wconf 92' lang='lat' dir='ltr'><strong>ego</strong></span> <span class='ocrx_word' id='word_1_204' title='bbox 355 2669 423 2712; x_wconf 92' lang='lat' dir='ltr'><strong>cum</strong></span> <span class='ocrx_word' id='word_1_205' title='bbox 445 2651 545 2723; x_wconf 83' lang='lat' dir='ltr'><strong>rebus,</strong></span> <span class='ocrx_word' id='word_1_206' title='bbox 568 2671 640 2733; x_wconf 89' lang='lat' dir='ltr'><strong>quas</strong></span> <span class='ocrx_word' id='word_1_207' title='bbox 661 2662 739 2713; x_wconf 88' lang='lat' dir='ltr'><strong>totus</strong></span> <span class='ocrx_word' id='word_1_208' title='bbox 762 2653 892 2732; x_wconf 91' lang='lat' dir='ltr'><strong>possidet</strong></span> <span class='ocrx_word' id='word_1_209' title='bbox 913 2651 1004 2723; x_wconf 89' lang='lat' dir='ltr'><strong>orbis,</strong></span> <span class='ocrx_word' id='word_1_210' title='bbox 1059 2691 1062 2694; x_wconf 91' lang='lat'>-</span> 
     </span>
     <span class='ocr_line' id='line_1_31' title="bbox 105 2736 870 2817; baseline -0.001 -18"><span class='ocrx_word' id='word_1_211' title='bbox 105 2737 273 2799; x_wconf 78' lang='lat' dir='ltr'><strong>Aesoniden</strong></span> <span class='ocrx_word' id='word_1_212' title='bbox 296 2745 424 2796; x_wconf 91' lang='lat' dir='ltr'><strong>mutasse</strong></span> <span class='ocrx_word' id='word_1_213' title='bbox 446 2736 547 2810; x_wconf 89' lang='lat' dir='ltr'><strong>velim;</strong></span> <span class='ocrx_word' id='word_1_214' title='bbox 575 2755 632 2817; x_wconf 92' lang='lat' dir='ltr'><strong>quo</strong></span> <span class='ocrx_word' id='word_1_215' title='bbox 655 2738 781 2816; x_wconf 88' lang='lat' dir='ltr'><strong>coniuge</strong></span> <span class='ocrx_word' id='word_1_216' title='bbox 803 2737 870 2798; x_wconf 86' lang='lat' dir='ltr'><strong>lelix</strong></span> 
     </span>
    </p>

    <p class='ocr_par' dir='ltr' id='par_1_15' title="bbox 104 2821 1023 3071">
     <span class='ocr_line' id='line_1_32' title="bbox 106 2821 1023 2901; baseline 0.001 -18"><span class='ocrx_word' id='word_1_217' title='bbox 106 2832 136 2883; x_wconf 89' lang='lat' dir='ltr'><strong>et</strong></span> <span class='ocrx_word' id='word_1_218' title='bbox 157 2822 202 2884; x_wconf 86' lang='lat' dir='ltr'><strong>dis</strong></span> <span class='ocrx_word' id='word_1_219' title='bbox 224 2839 289 2882; x_wconf 87' lang='lat' dir='ltr'><strong>cara</strong></span> <span class='ocrx_word' id='word_1_220' title='bbox 312 2821 390 2881; x_wconf 83' lang='lat' dir='ltr'><strong>ferar</strong></span> <span class='ocrx_word' id='word_1_221' title='bbox 412 2830 442 2882; x_wconf 92' lang='lat' dir='ltr'><strong>et</strong></span> <span class='ocrx_word' id='word_1_222' title='bbox 462 2822 571 2882; x_wconf 87' lang='lat' dir='ltr'><strong>vertice</strong></span> <span class='ocrx_word' id='word_1_223' title='bbox 592 2822 686 2883; x_wconf 91' lang='lat' dir='ltr'><strong>sidera</strong></span> <span class='ocrx_word' id='word_1_224' title='bbox 708 2833 834 2901; x_wconf 87' lang='lat' dir='ltr'><strong>tangam.</strong></span> <span class='ocrx_word' id='word_1_225' title='bbox 1019 2877 1023 2884; x_wconf 92' lang='lat'>.</span> 
     </span>
     <span class='ocr_line' id='line_1_33' title="bbox 106 2904 972 2988; baseline -0.003 -20"><span class='ocrx_word' id='word_1_226' title='bbox 106 2907 187 2988; x_wconf 85' lang='lat' dir='ltr'><strong>quid,</strong></span> <span class='ocrx_word' id='word_1_227' title='bbox 210 2906 289 2985; x_wconf 92' lang='lat' dir='ltr'><strong>quod</strong></span> <span class='ocrx_word' id='word_1_228' title='bbox 313 2905 413 2966; x_wconf 90' lang='lat' dir='ltr'><strong>nescio</strong></span> <span class='ocrx_word' id='word_1_229' title='bbox 437 2905 488 2984; x_wconf 92' lang='lat' dir='ltr'><strong>qui</strong></span> <span class='ocrx_word' id='word_1_230' title='bbox 510 2906 612 2968; x_wconf 88' lang='lat' dir='ltr'><strong>mediis</strong></span> <span class='ocrx_word' id='word_1_231' title='bbox 633 2926 809 2970; x_wconf 89' lang='lat' dir='ltr'><strong>concurrere</strong></span> <span class='ocrx_word' id='word_1_232' title='bbox 831 2907 861 2967; x_wconf 92' lang='lat' dir='ltr'><strong>in</strong></span> <span class='ocrx_word' id='word_1_233' title='bbox 884 2904 972 2966; x_wconf 92' lang='lat' dir='ltr'><strong>undis</strong></span> 
     </span>
     <span class='ocr_line' id='line_1_34' title="bbox 104 2991 905 3071; baseline -0.001 -19"><span class='ocrx_word' id='word_1_234' title='bbox 104 2993 244 3054; x_wconf 91' lang='lat' dir='ltr'><strong>dicuntur</strong></span> <span class='ocrx_word' id='word_1_235' title='bbox 265 3000 392 3064; x_wconf 82' lang='lat' dir='ltr'><strong>montes,</strong></span> <span class='ocrx_word' id='word_1_236' title='bbox 415 2991 586 3070; x_wconf 89' lang='lat' dir='ltr'><strong>ratibusque</strong></span> <span class='ocrx_word' id='word_1_237' title='bbox 608 2993 724 3055; x_wconf 88' lang='lat' dir='ltr'><strong>inimica</strong></span> <span class='ocrx_word' id='word_1_238' title='bbox 747 2991 905 3071; x_wconf 74' lang='lat' dir='ltr'><strong>Charybdis</strong></span> 
     </span>
    </p>
   </div>
   <div class='ocr_carea' id='block_1_6' title="bbox 171 3149 1176 3292">
    <p class='ocr_par' dir='ltr' id='par_1_16' title="bbox 171 3149 1176 3292">
     <span class='ocr_line' id='line_1_35' title="bbox 1005 3149 1147 3185; baseline -0.028 0"><span class='ocrx_word' id='word_1_239' title='bbox 1005 3154 1013 3185; x_wconf 90' lang='lat' dir='ltr'><strong>l</strong></span> <span class='ocrx_word' id='word_1_240' title='bbox 1136 3149 1147 3181; x_wconf 78' lang='lat'>2</span> 
     </span>
     <span class='ocr_line' id='line_1_36' title="bbox 171 3151 1176 3292; baseline -0.011 -13"><span class='ocrx_word' id='word_1_241' title='bbox 171 3228 203 3279; x_wconf 83' lang='grc'><strong>33</strong></span> <span class='ocrx_word' id='word_1_242' title='bbox 222 3224 323 3276; x_wconf 82' lang='lat' dir='ltr'><strong>fatebor</strong></span> <span class='ocrx_word' id='word_1_243' title='bbox 336 3224 400 3286; x_wconf 87' lang='lat' dir='ltr'><strong>(late</strong></span> <span class='ocrx_word' id='word_1_244' title='bbox 413 3228 432 3275; x_wconf 84' lang='lat' dir='ltr'><strong>i.</strong></span> <span class='ocrx_word' id='word_1_245' title='bbox 444 3219 512 3288; x_wconf 77' lang='lat' dir='ltr'><strong>r.)i</strong></span> <span class='ocrx_word' id='word_1_246' title='bbox 564 3227 596 3277; x_wconf 87' lang='grc'><strong>34</strong></span> <span class='ocrx_word' id='word_1_247' title='bbox 615 3240 666 3277; x_wconf 87' lang='lat' dir='ltr'><strong>oon</strong></span> <span class='ocrx_word' id='word_1_248' title='bbox 678 3231 785 3292; x_wconf 84' lang='lat' dir='ltr'><strong>expecto</strong></span> <span class='ocrx_word' id='word_1_249' title='bbox 800 3223 824 3274; x_wconf 87' lang='lat' dir='ltr'><strong>ll</strong></span> <span class='ocrx_word' id='word_1_250' title='bbox 877 3151 1176 3291; x_wconf 48' lang='lat' dir='ltr'><strong>bsgilgdnimtradami</strong></span> 
     </span>
    </p>
   </div>
   <div class='ocr_carea' id='block_1_7' title="bbox 103 3307 1177 3446">
    <p class='ocr_par' dir='ltr' id='par_1_17' title="bbox 103 3307 1177 3446">
     <span class='ocr_line' id='line_1_37' title="bbox 103 3307 1177 3446; baseline -0.007 -15"><span class='ocrx_word' id='word_1_251' title='bbox 103 3381 137 3431; x_wconf 91' lang='grc'><strong>40</strong></span> <span class='ocrx_word' id='word_1_252' title='bbox 156 3377 271 3446; x_wconf 76' lang='lat' dir='ltr'><strong>sospdles</strong></span> <span class='ocrx_word' id='word_1_253' title='bbox 289 3377 314 3428; x_wconf 98' lang='grc' dir='ltr'><strong>Μ</strong></span> <span class='ocrx_word' id='word_1_254' title='bbox 336 3307 481 3428; x_wconf 47' lang='lat' dir='ltr'><strong>‚qupitsrse</strong></span> <span class='ocrx_word' id='word_1_255' title='bbox 533 3381 562 3430; x_wconf 85' lang='lat' dir='ltr'><strong>lt</strong></span> <span class='ocrx_word' id='word_1_256' title='bbox 583 3377 735 3444; x_wconf 61' lang='lat' dir='ltr'><strong>nielliqdlldea</strong></span> <span class='ocrx_word' id='word_1_257' title='bbox 752 3376 778 3428; x_wconf 92' lang='grc' dir='ltr'><strong>Μ</strong></span> <span class='ocrx_word' id='word_1_258' title='bbox 835 3381 867 3430; x_wconf 86' lang='grc'><strong>43</strong></span> <span class='ocrx_word' id='word_1_259' title='bbox 886 3376 930 3427; x_wconf 92' lang='lat' dir='ltr'><strong>illo</strong></span> <span class='ocrx_word' id='word_1_260' title='bbox 949 3380 1020 3427; x_wconf 80' lang='lat' dir='ltr'><strong>este</strong></span> <span class='ocrx_word' id='word_1_261' title='bbox 1074 3376 1108 3426; x_wconf 94' lang='grc'><strong>44</strong></span> <span class='ocrx_word' id='word_1_262' title='bbox 1126 3373 1177 3425; x_wconf 87' lang='lat' dir='ltr'><strong>ior·</strong></span> 
     </span>
    </p>
   </div>
   <div class='ocr_carea' id='block_1_8' title="bbox 104 3469 1176 3647">
    <p class='ocr_par' dir='ltr' id='par_1_18' title="bbox 104 3469 1176 3647">
     <span class='ocr_line' id='line_1_38' title="bbox 1093 3469 1108 3504; baseline 0 0"><span class='ocrx_word' id='word_1_263' title='bbox 1093 3469 1108 3504; x_wconf 91' lang='lat' dir='ltr'><strong>a</strong></span> 
     </span>
     <span class='ocr_line' id='line_1_39' title="bbox 104 3507 1176 3647; baseline -0.007 -12"><span class='ocrx_word' id='word_1_264' title='bbox 104 3586 137 3635; x_wconf 76' lang='lat'><strong>50</strong></span> <span class='ocrx_word' id='word_1_265' title='bbox 156 3588 236 3634; x_wconf 92' lang='lat' dir='ltr'><strong>turma</strong></span> <span class='ocrx_word' id='word_1_266' title='bbox 255 3577 270 3632; x_wconf 77' lang='lat' dir='ltr'><strong>i</strong></span> <span class='ocrx_word' id='word_1_267' title='bbox 332 3585 364 3632; x_wconf 85' lang='lat'><strong>55</strong></span> <span class='ocrx_word' id='word_1_268' title='bbox 383 3579 487 3632; x_wconf 77' lang='lat' dir='ltr'><strong>meds‘ei</strong></span> <span class='ocrx_word' id='word_1_269' title='bbox 504 3580 530 3645; x_wconf 75' lang='grc' dir='ltr'><strong>(ε’</strong></span> <span class='ocrx_word' id='word_1_270' title='bbox 550 3581 567 3632; x_wconf 73' lang='lat' dir='ltr'><strong>d</strong></span> <span class='ocrx_word' id='word_1_271' title='bbox 584 3585 603 3632; x_wconf 83' lang='lat' dir='ltr'><strong>i.</strong></span> <span class='ocrx_word' id='word_1_272' title='bbox 619 3599 643 3634; x_wconf 86' lang='lat' dir='ltr'><strong>r.</strong></span> <span class='ocrx_word' id='word_1_273' title='bbox 659 3597 693 3632; x_wconf 88' lang='lat' dir='ltr'><strong>m.</strong></span> <span class='ocrx_word' id='word_1_274' title='bbox 710 3582 737 3644; x_wconf 84' lang='lat'><strong>3)</strong></span> <span class='ocrx_word' id='word_1_275' title='bbox 755 3581 780 3631; x_wconf 91' lang='grc' dir='ltr'><strong>Μ</strong></span> <span class='ocrx_word' id='word_1_276' title='bbox 840 3584 873 3633; x_wconf 85' lang='grc'><strong>56</strong></span> <span class='ocrx_word' id='word_1_277' title='bbox 891 3581 984 3647; x_wconf 89' lang='lat' dir='ltr'><strong>puppis</strong></span> <span class='ocrx_word' id='word_1_278' title='bbox 1003 3510 1134 3645; x_wconf 55' lang='lat' dir='ltr'><strong>pequqmp</strong></span> <span class='ocrx_word' id='word_1_279' title='bbox 1149 3507 1176 3628; x_wconf 46' lang='grc' dir='ltr'><strong>ξι</strong></span> 
     </span>
    </p>
   </div>
   <div class='ocr_carea' id='block_1_9' title="bbox 104 3663 1177 3936">
    <p class='ocr_par' dir='ltr' id='par_1_19' title="bbox 104 3663 1177 3936">
     <span class='ocr_line' id='line_1_40' title="bbox 367 3663 740 3717; baseline 0.008 -3"><span class='ocrx_word' id='word_1_280' title='bbox 367 3663 529 3715; x_wconf 83' lang='lat' dir='ltr'><strong>luirorum³</strong></span> <span class='ocrx_word' id='word_1_281' title='bbox 604 3665 740 3717; x_wconf 90' lang='lat' dir='ltr'><strong>llocorum</strong></span> 
     </span>
     <span class='ocr_line' id='line_1_41' title="bbox 104 3727 1176 3797; baseline -0.005 -14"><span class='ocrx_word' id='word_1_282' title='bbox 104 3750 121 3783; x_wconf 87' lang='lat' dir='ltr'><strong>o</strong></span> <span class='ocrx_word' id='word_1_283' title='bbox 139 3749 174 3785; x_wconf 87' lang='lat' dir='ltr'><strong>m.</strong></span> <span class='ocrx_word' id='word_1_284' title='bbox 190 3734 249 3797; x_wconf 73' lang='lat' dir='ltr'><strong>dle</strong></span> <span class='ocrx_word' id='word_1_285' title='bbox 318 3735 350 3786; x_wconf 75' lang='grc'><strong>58</strong></span> <span class='ocrx_word' id='word_1_286' title='bbox 397 3731 513 3784; x_wconf 91' lang='lat' dir='ltr'><strong>locorum</strong></span> <span class='ocrx_word' id='word_1_287' title='bbox 548 3732 574 3784; x_wconf 88' lang='lat' dir='ltr'><strong>bl</strong></span> <span class='ocrx_word' id='word_1_288' title='bbox 625 3734 765 3786; x_wconf 83' lang='lat' dir='ltr'><strong>rirorume</strong></span> <span class='ocrx_word' id='word_1_289' title='bbox 833 3727 986 3783; x_wconf 80' lang='lat' dir='ltr'><strong>colonumi.</strong></span> <span class='ocrx_word' id='word_1_290' title='bbox 1055 3733 1088 3784; x_wconf 86' lang='grc'><strong>60</strong></span> <span class='ocrx_word' id='word_1_291' title='bbox 1105 3732 1176 3780; x_wconf 80' lang='lat' dir='ltr'><strong>sice</strong></span> 
     </span>
     <span class='ocr_line' id='line_1_42' title="bbox 105 3799 1177 3869; baseline -0.005 -16"><span class='ocrx_word' id='word_1_292' title='bbox 105 3800 289 3854; x_wconf 74' lang='lat' dir='ltr'><strong>aesonidemfl</strong></span> <span class='ocrx_word' id='word_1_293' title='bbox 342 3806 472 3852; x_wconf 83' lang='lat' dir='ltr'><strong>mutoree</strong></span> <span class='ocrx_word' id='word_1_294' title='bbox 523 3804 556 3855; x_wconf 71' lang='lat'><strong>62</strong></span> <span class='ocrx_word' id='word_1_295' title='bbox 576 3801 649 3869; x_wconf 66' lang='lat' dir='ltr'><strong>quill)</strong></span> <span class='ocrx_word' id='word_1_296' title='bbox 665 3804 713 3868; x_wconf 83' lang='lat' dir='ltr'><strong>(er.</strong></span> <span class='ocrx_word' id='word_1_297' title='bbox 731 3801 756 3863; x_wconf 73' lang='lat' dir='ltr'><strong>d)</strong></span> <span class='ocrx_word' id='word_1_298' title='bbox 775 3800 800 3852; x_wconf 92' lang='lat' dir='ltr'><strong>bl</strong></span> <span class='ocrx_word' id='word_1_299' title='bbox 834 3814 1040 3852; x_wconf 63' lang='lat' dir='ltr'><strong>,concurreree</strong></span> <span class='ocrx_word' id='word_1_300' title='bbox 1093 3799 1177 3850; x_wconf 90' lang='lat' dir='ltr'><strong>incur-</strong></span> 
     </span>
     <span class='ocr_line' id='line_1_43' title="bbox 104 3865 458 3936; baseline -0.008 -15"><span class='ocrx_word' id='word_1_301' title='bbox 104 3869 199 3922; x_wconf 62' lang='lat' dir='ltr'><strong>rereil</strong></span> <span class='ocrx_word' id='word_1_302' title='bbox 251 3871 284 3922; x_wconf 82' lang='grc'><strong>63</strong></span> <span class='ocrx_word' id='word_1_303' title='bbox 303 3884 353 3936; x_wconf 94' lang='lat' dir='ltr'><strong>que</strong></span> <span class='ocrx_word' id='word_1_304' title='bbox 373 3865 458 3920; x_wconf 74' lang='lat' dir='ltr'><strong>omi</strong></span> 
     </span>
    </p>
   </div>
   <div class='ocr_carea' id='block_1_10' title="bbox 105 3508 985 3579">
    <p class='ocr_par' dir='ltr' id='par_1_20' title="bbox 105 3508 985 3579">
     <span class='ocr_line' id='line_1_44' title="bbox 105 3508 985 3579; baseline -0.002 -13"><span class='ocrx_word' id='word_1_305' title='bbox 105 3518 250 3566; x_wconf 84' lang='lat' dir='ltr'><strong>maeeste</strong></span> <span class='ocrx_word' id='word_1_306' title='bbox 310 3516 342 3565; x_wconf 81' lang='lat' dir='ltr'><strong>ll</strong></span> <span class='ocrx_word' id='word_1_307' title='bbox 363 3512 478 3579; x_wconf 72' lang='lat' dir='ltr'><strong>quidem</strong></span> <span class='ocrx_word' id='word_1_308' title='bbox 497 3513 559 3579; x_wconf 93' lang='lat' dir='ltr'><strong>quin</strong></span> <span class='ocrx_word' id='word_1_309' title='bbox 576 3512 602 3564; x_wconf 91' lang='grc' dir='ltr'><strong>Μ</strong></span> <span class='ocrx_word' id='word_1_310' title='bbox 664 3517 696 3566; x_wconf 83' lang='grc'><strong>48</strong></span> <span class='ocrx_word' id='word_1_311' title='bbox 714 3528 814 3579; x_wconf 82' lang='lat' dir='ltr'><strong>semper</strong></span> <span class='ocrx_word' id='word_1_312' title='bbox 831 3508 893 3563; x_wconf 72' lang='lat' dir='ltr'><strong>se).</strong></span> <span class='ocrx_word' id='word_1_313' title='bbox 952 3513 985 3564; x_wconf 81' lang='grc'><strong>49</strong></span> 
     </span>
    </p>
   </div>
   <div class='ocr_carea' id='block_1_11' title="bbox 0 0 1350 4230">
    <p class='ocr_par' dir='ltr' id='par_1_21' title="bbox 0 0 1350 4230">
     <span class='ocr_line' id='line_1_45' title="bbox 0 0 1350 4230; baseline 0 0"><span class='ocrx_word' id='word_1_314' title='bbox 0 0 1350 4230; x_wconf 95' lang='lat' dir='ltr'><strong> </strong></span> 
     </span>
    </p>
   </div>
  </div>
 </body>
</html>
