<?xml version="1.0" encoding="UTF-8"?>
<!DOCTYPE html PUBLIC "-//W3C//DTD XHTML 1.0 Transitional//EN"
    "http://www.w3.org/TR/xhtml1/DTD/xhtml1-transitional.dtd">
<html xmlns="http://www.w3.org/1999/xhtml" xml:lang="en" lang="en">
 <head>
  <title>
</title>
<meta http-equiv="Content-Type" content="text/html;charset=utf-8" />
  <meta name='ocr-system' content='tesseract 3.04.00' />
  <meta name='ocr-capabilities' content='ocr_page ocr_carea ocr_par ocr_line ocrx_word'/>
</head>
<body>
  <div class='ocr_page' id='page_1' title='image "./povidinasonisme00korngoog_0023.png"; bbox 0 0 2692 4230; ppageno 0'>
   <div class='ocr_carea' id='block_1_1' title="bbox 132 137 744 197">
    <p class='ocr_par' dir='ltr' id='par_1_1' title="bbox 132 137 744 197">
     <span class='ocr_line' id='line_1_1' title="bbox 132 137 744 197; baseline 0 0"><span class='ocrx_word' id='word_1_1' title='bbox 132 137 152 197; x_wconf 84' lang='grc'><strong>6</strong></span> <span class='ocrx_word' id='word_1_2' title='bbox 592 140 744 197; x_wconf 79' lang='grc' dir='ltr'><strong>ΜΕΤΑΜΜ.</strong></span> 
     </span>
    </p>
   </div>
   <div class='ocr_carea' id='block_1_2' title="bbox 126 309 1206 3442">
    <p class='ocr_par' dir='ltr' id='par_1_2' title="bbox 126 309 1206 3442">
     <span class='ocr_line' id='line_1_2' title="bbox 132 309 884 392; baseline 0.004 -20"><span class='ocrx_word' id='word_1_3' title='bbox 132 311 266 392; x_wconf 73' lang='lat' dir='ltr'><strong>ingentes</strong></span> <span class='ocrx_word' id='word_1_4' title='bbox 287 313 385 375; x_wconf 87' lang='lat' dir='ltr'><strong>animo</strong></span> <span class='ocrx_word' id='word_1_5' title='bbox 408 324 437 375; x_wconf 89' lang='lat' dir='ltr'><strong>et</strong></span> <span class='ocrx_word' id='word_1_6' title='bbox 458 313 563 392; x_wconf 89' lang='lat' dir='ltr'><strong>dignas</strong></span> <span class='ocrx_word' id='word_1_7' title='bbox 584 310 652 371; x_wconf 81' lang='lat' dir='ltr'><strong>lore</strong></span> <span class='ocrx_word' id='word_1_8' title='bbox 673 309 804 389; x_wconf 81' lang='lat' dir='ltr'><strong>concipit</strong></span> <span class='ocrx_word' id='word_1_9' title='bbox 825 311 884 375; x_wconf 90' lang='lat' dir='ltr'><strong>iras</strong></span> 
     </span>
     <span class='ocr_line' id='line_1_3' title="bbox 131 392 943 478; baseline -0.001 -19"><span class='ocrx_word' id='word_1_10' title='bbox 131 397 350 478; x_wconf 78' lang='lat' dir='ltr'><strong>conciliumque</strong></span> <span class='ocrx_word' id='word_1_11' title='bbox 370 407 470 460; x_wconf 79' lang='lat' dir='ltr'><strong>vocat:</strong></span> <span class='ocrx_word' id='word_1_12' title='bbox 493 395 589 458; x_wconf 90' lang='lat' dir='ltr'><strong>tenuit</strong></span> <span class='ocrx_word' id='word_1_13' title='bbox 609 411 692 456; x_wconf 88' lang='lat' dir='ltr'><strong>mora</strong></span> <span class='ocrx_word' id='word_1_14' title='bbox 715 392 794 454; x_wconf 91' lang='lat' dir='ltr'><strong>nulla</strong></span> <span class='ocrx_word' id='word_1_15' title='bbox 817 407 943 460; x_wconf 82' lang='lat' dir='ltr'><strong>vocatos.</strong></span> 
     </span>
     <span class='ocr_line' id='line_1_4' title="bbox 132 477 829 558; baseline -0.009 -14"><span class='ocrx_word' id='word_1_16' title='bbox 132 491 177 544; x_wconf 86' lang='lat' dir='ltr'><strong>cst</strong></span> <span class='ocrx_word' id='word_1_17' title='bbox 197 482 242 544; x_wconf 85' lang='lat' dir='ltr'><strong>ria</strong></span> <span class='ocrx_word' id='word_1_18' title='bbox 263 482 407 558; x_wconf 88' lang='lat' dir='ltr'><strong>sublimis,</strong></span> <span class='ocrx_word' id='word_1_19' title='bbox 429 480 510 543; x_wconf 90' lang='lat' dir='ltr'><strong>caelo</strong></span> <span class='ocrx_word' id='word_1_20' title='bbox 532 477 685 541; x_wconf 81' lang='lat' dir='ltr'><strong>manifesta</strong></span> <span class='ocrx_word' id='word_1_21' title='bbox 706 495 829 539; x_wconf 88' lang='lat' dir='ltr'><strong>sereno:</strong></span> 
     </span>
     <span class='ocr_line' id='line_1_5' title="bbox 131 561 878 644; baseline -0.003 -17"><span class='ocrx_word' id='word_1_22' title='bbox 131 565 222 628; x_wconf 88' lang='lat' dir='ltr'><strong>lactea</strong></span> <span class='ocrx_word' id='word_1_23' title='bbox 246 585 353 629; x_wconf 91' lang='lat' dir='ltr'><strong>nomen</strong></span> <span class='ocrx_word' id='word_1_24' title='bbox 375 565 471 642; x_wconf 88' lang='lat' dir='ltr'><strong>babet,</strong></span> <span class='ocrx_word' id='word_1_25' title='bbox 495 562 623 625; x_wconf 86' lang='lat' dir='ltr'><strong>candore</strong></span> <span class='ocrx_word' id='word_1_26' title='bbox 645 561 782 625; x_wconf 86' lang='lat' dir='ltr'><strong>notabilis</strong></span> <span class='ocrx_word' id='word_1_27' title='bbox 803 563 878 644; x_wconf 91' lang='lat' dir='ltr'><strong>ipso.</strong></span> 
     </span>
     <span class='ocr_line' id='line_1_6' title="bbox 131 646 911 733; baseline 0 -21"><span class='ocrx_word' id='word_1_28' title='bbox 131 652 186 714; x_wconf 86' lang='lat' dir='ltr'><strong>bac</strong></span> <span class='ocrx_word' id='word_1_29' title='bbox 207 652 262 712; x_wconf 91' lang='lat' dir='ltr'><strong>iter</strong></span> <span class='ocrx_word' id='word_1_30' title='bbox 284 661 329 713; x_wconf 89' lang='lat' dir='ltr'><strong>est</strong></span> <span class='ocrx_word' id='word_1_31' title='bbox 350 649 465 733; x_wconf 90' lang='lat' dir='ltr'><strong>superis</strong></span> <span class='ocrx_word' id='word_1_32' title='bbox 486 647 522 709; x_wconf 88' lang='lat' dir='ltr'><strong>ad</strong></span> <span class='ocrx_word' id='word_1_33' title='bbox 545 649 643 728; x_wconf 88' lang='lat' dir='ltr'><strong>magni</strong></span> <span class='ocrx_word' id='word_1_34' title='bbox 667 656 745 711; x_wconf 87' lang='lat' dir='ltr'><strong>tecta</strong></span> <span class='ocrx_word' id='word_1_35' title='bbox 766 646 911 712; x_wconf 82' lang='lat' dir='ltr'><strong>Tonantis</strong></span> 
     </span>
     <span class='ocr_line' id='line_1_7' title="bbox 131 731 919 815; baseline -0.001 -19"><span class='ocrx_word' id='word_1_36' title='bbox 131 735 318 815; x_wconf 81' lang='lat' dir='ltr'><strong>regalemque</strong></span> <span class='ocrx_word' id='word_1_37' title='bbox 339 737 470 797; x_wconf 86' lang='lat' dir='ltr'><strong>domum.</strong></span> <span class='ocrx_word' id='word_1_38' title='bbox 512 731 613 795; x_wconf 84' lang='lat' dir='ltr'><strong>dextra</strong></span> <span class='ocrx_word' id='word_1_39' title='bbox 635 734 774 815; x_wconf 84' lang='lat' dir='ltr'><strong>laevaque</strong></span> <span class='ocrx_word' id='word_1_40' title='bbox 795 731 919 795; x_wconf 89' lang='lat' dir='ltr'><strong>deorum</strong></span> 
     </span>
     <span class='ocr_line' id='line_1_8' title="bbox 130 815 829 900; baseline -0.007 -18"><span class='ocrx_word' id='word_1_41' title='bbox 130 821 202 882; x_wconf 85' lang='lat' dir='ltr'><strong>atria</strong></span> <span class='ocrx_word' id='word_1_42' title='bbox 227 820 369 882; x_wconf 83' lang='lat' dir='ltr'><strong>nobilium</strong></span> <span class='ocrx_word' id='word_1_43' title='bbox 390 815 479 879; x_wconf 80' lang='lat' dir='ltr'><strong>valvis</strong></span> <span class='ocrx_word' id='word_1_44' title='bbox 500 815 689 881; x_wconf 82' lang='lat' dir='ltr'><strong>celebrantur</strong></span> <span class='ocrx_word' id='word_1_45' title='bbox 710 816 829 900; x_wconf 91' lang='lat' dir='ltr'><strong>apertis.</strong></span> 
     </span>
     <span class='ocr_line' id='line_1_9' title="bbox 131 900 914 985; baseline 0 -20"><span class='ocrx_word' id='word_1_46' title='bbox 131 904 215 985; x_wconf 92' lang='lat' dir='ltr'><strong>plebs</strong></span> <span class='ocrx_word' id='word_1_47' title='bbox 237 904 347 966; x_wconf 85' lang='lat' dir='ltr'><strong>habitat</strong></span> <span class='ocrx_word' id='word_1_48' title='bbox 368 902 481 964; x_wconf 80' lang='lat' dir='ltr'><strong>diversa</strong></span> <span class='ocrx_word' id='word_1_49' title='bbox 503 900 593 979; x_wconf 87' lang='lat' dir='ltr'><strong>locis;</strong></span> <span class='ocrx_word' id='word_1_50' title='bbox 619 922 635 966; x_wconf 89' lang='lat' dir='ltr'><strong>a</strong></span> <span class='ocrx_word' id='word_1_51' title='bbox 657 904 755 966; x_wconf 76' lang='lat' dir='ltr'><strong>fronte</strong></span> <span class='ocrx_word' id='word_1_52' title='bbox 777 910 914 985; x_wconf 85' lang='lat' dir='ltr'><strong>potentes</strong></span> 
     </span>
     <span class='ocr_line' id='line_1_10' title="bbox 132 986 832 1071; baseline -0.001 -22"><span class='ocrx_word' id='word_1_53' title='bbox 132 988 286 1050; x_wconf 89' lang='lat' dir='ltr'><strong>caelicolae</strong></span> <span class='ocrx_word' id='word_1_54' title='bbox 308 986 438 1066; x_wconf 84' lang='lat' dir='ltr'><strong>clarique</strong></span> <span class='ocrx_word' id='word_1_55' title='bbox 459 1004 530 1049; x_wconf 88' lang='lat' dir='ltr'><strong>suos</strong></span> <span class='ocrx_word' id='word_1_56' title='bbox 550 1006 677 1070; x_wconf 89' lang='lat' dir='ltr'><strong>posuere</strong></span> <span class='ocrx_word' id='word_1_57' title='bbox 699 998 832 1071; x_wconf 87' lang='lat' dir='ltr'><strong>penates.</strong></span> 
     </span>
     <span class='ocr_line' id='line_1_11' title="bbox 131 1072 905 1151; baseline -0.003 -17"><span class='ocrx_word' id='word_1_58' title='bbox 131 1073 179 1134; x_wconf 87' lang='lat' dir='ltr'><strong>bic</strong></span> <span class='ocrx_word' id='word_1_59' title='bbox 201 1073 283 1133; x_wconf 89' lang='lat' dir='ltr'><strong>locus</strong></span> <span class='ocrx_word' id='word_1_60' title='bbox 306 1080 361 1146; x_wconf 88' lang='lat' dir='ltr'><strong>est,</strong></span> <span class='ocrx_word' id='word_1_61' title='bbox 384 1089 483 1151; x_wconf 87' lang='lat' dir='ltr'><strong>quem,</strong></span> <span class='ocrx_word' id='word_1_62' title='bbox 504 1072 529 1135; x_wconf 92' lang='lat' dir='ltr'><strong>si</strong></span> <span class='ocrx_word' id='word_1_63' title='bbox 551 1074 648 1136; x_wconf 85' lang='lat' dir='ltr'><strong>verbis</strong></span> <span class='ocrx_word' id='word_1_64' title='bbox 668 1074 788 1137; x_wconf 88' lang='lat' dir='ltr'><strong>audacia</strong></span> <span class='ocrx_word' id='word_1_65' title='bbox 808 1073 905 1146; x_wconf 86' lang='lat' dir='ltr'><strong>detur,</strong></span> 
     </span>
     <span class='ocr_line' id='line_1_12' title="bbox 130 1156 833 1236; baseline 0.001 -17"><span class='ocrx_word' id='word_1_66' title='bbox 130 1157 209 1219; x_wconf 91' lang='lat' dir='ltr'><strong>haud</strong></span> <span class='ocrx_word' id='word_1_67' title='bbox 231 1157 348 1216; x_wconf 87' lang='lat' dir='ltr'><strong>timeam</strong></span> <span class='ocrx_word' id='word_1_68' title='bbox 370 1156 470 1236; x_wconf 90' lang='lat' dir='ltr'><strong>magni</strong></span> <span class='ocrx_word' id='word_1_69' title='bbox 492 1158 599 1220; x_wconf 77' lang='lat' dir='ltr'><strong>dixisse</strong></span> <span class='ocrx_word' id='word_1_70' title='bbox 619 1158 728 1221; x_wconf 87' lang='lat' dir='ltr'><strong>Palatia</strong></span> <span class='ocrx_word' id='word_1_71' title='bbox 749 1159 833 1220; x_wconf 86' lang='lat' dir='ltr'><strong>caeli.</strong></span> 
     </span>
     <span class='ocr_line' id='line_1_13' title="bbox 131 1239 858 1325; baseline 0.004 -23"><span class='ocrx_word' id='word_1_72' title='bbox 131 1259 202 1319; x_wconf 89' lang='lat' dir='ltr'><strong>ergo</strong></span> <span class='ocrx_word' id='word_1_73' title='bbox 224 1239 275 1301; x_wconf 93' lang='lat' dir='ltr'><strong>ubi</strong></span> <span class='ocrx_word' id='word_1_74' title='bbox 297 1259 461 1305; x_wconf 88' lang='lat' dir='ltr'><strong>marmoreo</strong></span> <span class='ocrx_word' id='word_1_75' title='bbox 483 1244 584 1325; x_wconf 87' lang='lat' dir='ltr'><strong>superi</strong></span> <span class='ocrx_word' id='word_1_76' title='bbox 605 1244 708 1304; x_wconf 88' lang='lat' dir='ltr'><strong>sedere</strong></span> <span class='ocrx_word' id='word_1_77' title='bbox 729 1261 858 1317; x_wconf 86' lang='lat' dir='ltr'><strong>recessu,</strong></span> 
     </span>
     <span class='ocr_line' id='line_1_14' title="bbox 130 1324 886 1408; baseline 0.007 -24"><span class='ocrx_word' id='word_1_78' title='bbox 130 1324 237 1385; x_wconf 86' lang='lat' dir='ltr'><strong>celsior</strong></span> <span class='ocrx_word' id='word_1_79' title='bbox 259 1325 322 1406; x_wconf 86' lang='lat' dir='ltr'><strong>ipsc</strong></span> <span class='ocrx_word' id='word_1_80' title='bbox 342 1325 408 1388; x_wconf 89' lang='lat' dir='ltr'><strong>loco</strong></span> <span class='ocrx_word' id='word_1_81' title='bbox 431 1336 610 1408; x_wconf 88' lang='lat' dir='ltr'><strong>sceptroque</strong></span> <span class='ocrx_word' id='word_1_82' title='bbox 631 1327 751 1388; x_wconf 87' lang='lat' dir='ltr'><strong>innixus</strong></span> <span class='ocrx_word' id='word_1_83' title='bbox 772 1326 886 1389; x_wconf 92' lang='lat' dir='ltr'><strong>eburno</strong></span> 
     </span>
     <span class='ocr_line' id='line_1_15' title="bbox 129 1409 892 1493; baseline 0.005 -24"><span class='ocrx_word' id='word_1_84' title='bbox 129 1409 285 1471; x_wconf 84' lang='lat' dir='ltr'><strong>terrificam</strong></span> <span class='ocrx_word' id='word_1_85' title='bbox 308 1412 412 1493; x_wconf 88' lang='lat' dir='ltr'><strong>capitis</strong></span> <span class='ocrx_word' id='word_1_86' title='bbox 433 1411 584 1473; x_wconf 84' lang='lat' dir='ltr'><strong>concussit</strong></span> <span class='ocrx_word' id='word_1_87' title='bbox 603 1419 707 1490; x_wconf 88' lang='lat' dir='ltr'><strong>terque</strong></span> <span class='ocrx_word' id='word_1_88' title='bbox 729 1420 892 1492; x_wconf 87' lang='lat' dir='ltr'><strong>quaterque</strong></span> 
     </span>
     <span class='ocr_line' id='line_1_16' title="bbox 130 1494 955 1575; baseline 0.004 -21"><span class='ocrx_word' id='word_1_89' title='bbox 130 1495 297 1571; x_wconf 87' lang='lat' dir='ltr'><strong>caesariem,</strong></span> <span class='ocrx_word' id='word_1_90' title='bbox 319 1515 386 1558; x_wconf 91' lang='lat' dir='ltr'><strong>cnm</strong></span> <span class='ocrx_word' id='word_1_91' title='bbox 410 1514 467 1575; x_wconf 88' lang='lat' dir='ltr'><strong>qua</strong></span> <span class='ocrx_word' id='word_1_92' title='bbox 489 1506 607 1568; x_wconf 83' lang='lat' dir='ltr'><strong>terram,</strong></span> <span class='ocrx_word' id='word_1_93' title='bbox 628 1513 718 1570; x_wconf 85' lang='lat' dir='ltr'><strong>mare,</strong></span> <span class='ocrx_word' id='word_1_94' title='bbox 740 1494 834 1555; x_wconf 89' lang='lat' dir='ltr'><strong>sidera</strong></span> <span class='ocrx_word' id='word_1_95' title='bbox 857 1497 955 1557; x_wconf 81' lang='lat' dir='ltr'><strong>movit.</strong></span> 
     </span>
     <span class='ocr_line' id='line_1_17' title="bbox 130 1577 845 1659; baseline 0 -19"><span class='ocrx_word' id='word_1_96' title='bbox 130 1577 237 1642; x_wconf 89' lang='lat' dir='ltr'><strong>talibus</strong></span> <span class='ocrx_word' id='word_1_97' title='bbox 258 1581 326 1642; x_wconf 91' lang='lat' dir='ltr'><strong>inde</strong></span> <span class='ocrx_word' id='word_1_98' title='bbox 348 1580 442 1643; x_wconf 91' lang='lat' dir='ltr'><strong>modis</strong></span> <span class='ocrx_word' id='word_1_99' title='bbox 464 1598 514 1642; x_wconf 92' lang='lat' dir='ltr'><strong>ora</strong></span> <span class='ocrx_word' id='word_1_100' title='bbox 537 1579 719 1659; x_wconf 85' lang='lat' dir='ltr'><strong>indignantia</strong></span> <span class='ocrx_word' id='word_1_101' title='bbox 741 1579 845 1640; x_wconf 74' lang='lat' dir='ltr'><strong>solvitt</strong></span> 
     </span>
     <span class='ocr_line' id='line_1_18' title="bbox 126 1658 910 1747; baseline 0 -22"><span class='ocrx_word' id='word_1_102' title='bbox 126 1658 202 1725; x_wconf 90' lang='lat' dir='ltr'><strong>‘non</strong></span> <span class='ocrx_word' id='word_1_103' title='bbox 224 1683 279 1744; x_wconf 90' lang='lat' dir='ltr'><strong>ego</strong></span> <span class='ocrx_word' id='word_1_104' title='bbox 303 1684 356 1747; x_wconf 89' lang='lat' dir='ltr'><strong>pro</strong></span> <span class='ocrx_word' id='word_1_105' title='bbox 378 1665 481 1726; x_wconf 92' lang='lat' dir='ltr'><strong>mundi</strong></span> <span class='ocrx_word' id='word_1_106' title='bbox 502 1683 596 1745; x_wconf 91' lang='lat' dir='ltr'><strong>regno</strong></span> <span class='ocrx_word' id='word_1_107' title='bbox 617 1665 710 1744; x_wconf 87' lang='lat' dir='ltr'><strong>magis</strong></span> <span class='ocrx_word' id='word_1_108' title='bbox 731 1665 836 1726; x_wconf 84' lang='lat' dir='ltr'><strong>anxius</strong></span> <span class='ocrx_word' id='word_1_109' title='bbox 862 1664 910 1726; x_wconf 91' lang='lat' dir='ltr'><strong>illa</strong></span> 
     </span>
     <span class='ocr_line' id='line_1_19' title="bbox 129 1749 886 1831; baseline 0.003 -22"><span class='ocrx_word' id='word_1_110' title='bbox 129 1757 301 1830; x_wconf 88' lang='lat' dir='ltr'><strong>tempestate</strong></span> <span class='ocrx_word' id='word_1_111' title='bbox 323 1751 375 1823; x_wconf 87' lang='lat' dir='ltr'><strong>lui,</strong></span> <span class='ocrx_word' id='word_1_112' title='bbox 398 1769 455 1830; x_wconf 91' lang='lat' dir='ltr'><strong>qua</strong></span> <span class='ocrx_word' id='word_1_113' title='bbox 478 1759 596 1811; x_wconf 90' lang='lat' dir='ltr'><strong>centum</strong></span> <span class='ocrx_word' id='word_1_114' title='bbox 619 1750 744 1831; x_wconf 89' lang='lat' dir='ltr'><strong>quisque</strong></span> <span class='ocrx_word' id='word_1_115' title='bbox 766 1749 886 1830; x_wconf 88' lang='lat' dir='ltr'><strong>parabat</strong></span> 
     </span>
     <span class='ocr_line' id='line_1_20' title="bbox 131 1832 867 1915; baseline 0.001 -22"><span class='ocrx_word' id='word_1_116' title='bbox 131 1832 240 1895; x_wconf 89' lang='lat' dir='ltr'><strong>inicere</strong></span> <span class='ocrx_word' id='word_1_117' title='bbox 261 1834 459 1915; x_wconf 81' lang='lat' dir='ltr'><strong>anguipedum</strong></span> <span class='ocrx_word' id='word_1_118' title='bbox 482 1834 597 1914; x_wconf 87' lang='lat' dir='ltr'><strong>captivo</strong></span> <span class='ocrx_word' id='word_1_119' title='bbox 619 1833 755 1896; x_wconf 92' lang='lat' dir='ltr'><strong>bracchia</strong></span> <span class='ocrx_word' id='word_1_120' title='bbox 777 1834 867 1895; x_wconf 88' lang='lat' dir='ltr'><strong>caelo.</strong></span> 
     </span>
     <span class='ocr_line' id='line_1_21' title="bbox 131 1917 1063 1998; baseline 0.005 -20"><span class='ocrx_word' id='word_1_121' title='bbox 131 1936 198 1979; x_wconf 91' lang='lat' dir='ltr'><strong>nam</strong></span> <span class='ocrx_word' id='word_1_122' title='bbox 221 1936 394 1998; x_wconf 91' lang='lat' dir='ltr'><strong>quamquam</strong></span> <span class='ocrx_word' id='word_1_123' title='bbox 418 1921 498 1978; x_wconf 91' lang='lat' dir='ltr'><strong>lerus</strong></span> <span class='ocrx_word' id='word_1_124' title='bbox 520 1917 614 1978; x_wconf 89' lang='lat' dir='ltr'><strong>bostis</strong></span> <span class='ocrx_word' id='word_1_125' title='bbox 634 1927 707 1989; x_wconf 78' lang='lat' dir='ltr'><strong>erat,</strong></span> <span class='ocrx_word' id='word_1_126' title='bbox 729 1927 825 1980; x_wconf 89' lang='lat' dir='ltr'><strong>tamen</strong></span> <span class='ocrx_word' id='word_1_127' title='bbox 848 1919 919 1980; x_wconf 92' lang='lat' dir='ltr'><strong>illud</strong></span> <span class='ocrx_word' id='word_1_128' title='bbox 942 1921 978 1982; x_wconf 88' lang='lat' dir='ltr'><strong>ab</strong></span> <span class='ocrx_word' id='word_1_129' title='bbox 1002 1939 1063 1982; x_wconf 93' lang='lat' dir='ltr'><strong>uno</strong></span> 
     </span>
     <span class='ocr_line' id='line_1_22' title="bbox 130 2001 890 2083; baseline 0.001 -20"><span class='ocrx_word' id='word_1_130' title='bbox 130 2019 256 2083; x_wconf 88' lang='lat' dir='ltr'><strong>corpore</strong></span> <span class='ocrx_word' id='word_1_131' title='bbox 278 2012 363 2063; x_wconf 84' lang='lat' dir='ltr'><strong>etex</strong></span> <span class='ocrx_word' id='word_1_132' title='bbox 386 2021 444 2063; x_wconf 91' lang='lat' dir='ltr'><strong>una</strong></span> <span class='ocrx_word' id='word_1_133' title='bbox 467 2001 613 2082; x_wconf 87' lang='lat' dir='ltr'><strong>pendebat</strong></span> <span class='ocrx_word' id='word_1_134' title='bbox 634 2003 748 2082; x_wconf 88' lang='lat' dir='ltr'><strong>origine</strong></span> <span class='ocrx_word' id='word_1_135' title='bbox 770 2002 890 2064; x_wconf 88' lang='lat' dir='ltr'><strong>bellum.</strong></span> 
     </span>
     <span class='ocr_line' id='line_1_23' title="bbox 131 2087 990 2167; baseline 0.002 -20"><span class='ocrx_word' id='word_1_136' title='bbox 131 2105 213 2147; x_wconf 93' lang='lat' dir='ltr'><strong>nunc</strong></span> <span class='ocrx_word' id='word_1_137' title='bbox 234 2087 304 2148; x_wconf 92' lang='lat' dir='ltr'><strong>mihi</strong></span> <span class='ocrx_word' id='word_1_138' title='bbox 327 2106 383 2167; x_wconf 92' lang='lat' dir='ltr'><strong>qua</strong></span> <span class='ocrx_word' id='word_1_139' title='bbox 404 2096 499 2149; x_wconf 90' lang='lat' dir='ltr'><strong>totum</strong></span> <span class='ocrx_word' id='word_1_140' title='bbox 523 2087 636 2149; x_wconf 86' lang='lat' dir='ltr'><strong>Nereus</strong></span> <span class='ocrx_word' id='word_1_141' title='bbox 657 2088 854 2149; x_wconf 87' lang='lat' dir='ltr'><strong>circumsonat</strong></span> <span class='ocrx_word' id='word_1_142' title='bbox 877 2088 990 2162; x_wconf 87' lang='lat' dir='ltr'><strong>orbem,</strong></span> 
     </span>
     <span class='ocr_line' id='line_1_24' title="bbox 131 2171 984 2253; baseline 0.004 -21"><span class='ocrx_word' id='word_1_143' title='bbox 131 2171 311 2252; x_wconf 89' lang='lat' dir='ltr'><strong>perdendum</strong></span> <span class='ocrx_word' id='word_1_144' title='bbox 334 2182 377 2233; x_wconf 89' lang='lat' dir='ltr'><strong>est</strong></span> <span class='ocrx_word' id='word_1_145' title='bbox 400 2171 521 2234; x_wconf 90' lang='lat' dir='ltr'><strong>mortale</strong></span> <span class='ocrx_word' id='word_1_146' title='bbox 543 2191 647 2251; x_wconf 85' lang='lat' dir='ltr'><strong>genus.</strong></span> <span class='ocrx_word' id='word_1_147' title='bbox 691 2192 745 2253; x_wconf 92' lang='lat' dir='ltr'><strong>per</strong></span> <span class='ocrx_word' id='word_1_148' title='bbox 767 2172 888 2235; x_wconf 91' lang='lat' dir='ltr'><strong>llumina</strong></span> <span class='ocrx_word' id='word_1_149' title='bbox 917 2174 984 2235; x_wconf 90' lang='lat' dir='ltr'><strong>iuro</strong></span> 
     </span>
     <span class='ocr_line' id='line_1_25' title="bbox 130 2256 779 2336; baseline 0 -19"><span class='ocrx_word' id='word_1_150' title='bbox 130 2256 223 2317; x_wconf 87' lang='lat' dir='ltr'><strong>inlera</strong></span> <span class='ocrx_word' id='word_1_151' title='bbox 246 2256 301 2318; x_wconf 91' lang='lat' dir='ltr'><strong>sub</strong></span> <span class='ocrx_word' id='word_1_152' title='bbox 324 2267 400 2318; x_wconf 87' lang='lat' dir='ltr'><strong>terra</strong></span> <span class='ocrx_word' id='word_1_153' title='bbox 422 2257 524 2336; x_wconf 78' lang='lat' dir='ltr'><strong>Stygio</strong></span> <span class='ocrx_word' id='word_1_154' title='bbox 553 2256 680 2319; x_wconf 90' lang='lat' dir='ltr'><strong>labentia</strong></span> <span class='ocrx_word' id='word_1_155' title='bbox 701 2257 779 2329; x_wconf 85' lang='lat' dir='ltr'><strong>luco,</strong></span> 
     </span>
     <span class='ocr_line' id='line_1_26' title="bbox 130 2340 961 2422; baseline 0.002 -21"><span class='ocrx_word' id='word_1_156' title='bbox 130 2350 236 2402; x_wconf 90' lang='lat' dir='ltr'><strong>cuncta</strong></span> <span class='ocrx_word' id='word_1_157' title='bbox 258 2341 340 2422; x_wconf 90' lang='lat' dir='ltr'><strong>prius</strong></span> <span class='ocrx_word' id='word_1_158' title='bbox 363 2352 509 2422; x_wconf 89' lang='lat' dir='ltr'><strong>temptata.</strong></span> <span class='ocrx_word' id='word_1_159' title='bbox 554 2343 605 2403; x_wconf 92' lang='lat' dir='ltr'><strong>sed</strong></span> <span class='ocrx_word' id='word_1_160' title='bbox 627 2340 834 2403; x_wconf 85' lang='lat' dir='ltr'><strong>inmedicabile·</strong></span> <span class='ocrx_word' id='word_1_161' title='bbox 852 2342 961 2404; x_wconf 82' lang='lat' dir='ltr'><strong>vulnus</strong></span> 
     </span>
     <span class='ocr_line' id='line_1_27' title="bbox 130 2426 940 2507; baseline 0.001 -21"><span class='ocrx_word' id='word_1_162' title='bbox 130 2444 202 2486; x_wconf 89' lang='lat' dir='ltr'><strong>ense</strong></span> <span class='ocrx_word' id='word_1_163' title='bbox 224 2426 411 2488; x_wconf 88' lang='lat' dir='ltr'><strong>recidendum</strong></span> <span class='ocrx_word' id='word_1_164' title='bbox 435 2437 488 2501; x_wconf 79' lang='lat' dir='ltr'><strong>est,</strong></span> <span class='ocrx_word' id='word_1_165' title='bbox 512 2445 550 2487; x_wconf 90' lang='lat' dir='ltr'><strong>ne</strong></span> <span class='ocrx_word' id='word_1_166' title='bbox 571 2445 640 2507; x_wconf 92' lang='lat' dir='ltr'><strong>pars</strong></span> <span class='ocrx_word' id='word_1_167' title='bbox 661 2427 776 2488; x_wconf 87' lang='lat' dir='ltr'><strong>sincera</strong></span> <span class='ocrx_word' id='word_1_168' title='bbox 799 2427 940 2489; x_wconf 90' lang='lat' dir='ltr'><strong>trabatur.</strong></span> 
     </span>
     <span class='ocr_line' id='line_1_28' title="bbox 130 2511 989 2593; baseline 0.003 -23"><span class='ocrx_word' id='word_1_169' title='bbox 130 2518 200 2571; x_wconf 91' lang='lat' dir='ltr'><strong>sunt</strong></span> <span class='ocrx_word' id='word_1_170' title='bbox 221 2511 292 2572; x_wconf 91' lang='lat' dir='ltr'><strong>mihi</strong></span> <span class='ocrx_word' id='word_1_171' title='bbox 313 2511 444 2586; x_wconf 89' lang='lat' dir='ltr'><strong>semidei,</strong></span> <span class='ocrx_word' id='word_1_172' title='bbox 466 2519 535 2572; x_wconf 86' lang='lat' dir='ltr'><strong>sunt</strong></span> <span class='ocrx_word' id='word_1_173' title='bbox 558 2511 665 2572; x_wconf 82' lang='lat' dir='ltr'><strong>rustica</strong></span> <span class='ocrx_word' id='word_1_174' title='bbox 688 2511 819 2585; x_wconf 88' lang='lat' dir='ltr'><strong>numina,</strong></span> <span class='ocrx_word' id='word_1_175' title='bbox 843 2513 989 2593; x_wconf 80' lang='lat' dir='ltr'><strong>nymphae</strong></span> 
     </span>
     <span class='ocr_line' id='line_1_29' title="bbox 130 2595 835 2678; baseline 0.003 -24"><span class='ocrx_word' id='word_1_176' title='bbox 130 2595 269 2675; x_wconf 77' lang='lat' dir='ltr'><strong>faunique</strong></span> <span class='ocrx_word' id='word_1_177' title='bbox 290 2596 439 2678; x_wconf 78' lang='lat' dir='ltr'><strong>satyrique</strong></span> <span class='ocrx_word' id='word_1_178' title='bbox 460 2607 490 2658; x_wconf 88' lang='lat' dir='ltr'><strong>et</strong></span> <span class='ocrx_word' id='word_1_179' title='bbox 511 2596 688 2658; x_wconf 87' lang='lat' dir='ltr'><strong>monticolae</strong></span> <span class='ocrx_word' id='word_1_180' title='bbox 710 2595 835 2657; x_wconf 83' lang='lat' dir='ltr'><strong>Silvani:</strong></span> 
     </span>
     <span class='ocr_line' id='line_1_30' title="bbox 130 2681 954 2761; baseline 0.004 -22"><span class='ocrx_word' id='word_1_181' title='bbox 130 2698 215 2760; x_wconf 85' lang='lat' dir='ltr'><strong>quos,</strong></span> <span class='ocrx_word' id='word_1_182' title='bbox 238 2682 376 2760; x_wconf 90' lang='lat' dir='ltr'><strong>quoniam</strong></span> <span class='ocrx_word' id='word_1_183' title='bbox 399 2681 471 2743; x_wconf 94' lang='lat' dir='ltr'><strong>caeli</strong></span> <span class='ocrx_word' id='word_1_184' title='bbox 495 2681 626 2742; x_wconf 91' lang='lat' dir='ltr'><strong>nondum</strong></span> <span class='ocrx_word' id='word_1_185' title='bbox 649 2681 804 2761; x_wconf 83' lang='lat' dir='ltr'><strong>dignamur</strong></span> <span class='ocrx_word' id='word_1_186' title='bbox 830 2682 954 2755; x_wconf 88' lang='lat' dir='ltr'><strong>bonore,</strong></span> 
     </span>
     <span class='ocr_line' id='line_1_31' title="bbox 130 2765 1206 2844; baseline 0 -19"><span class='ocrx_word' id='word_1_187' title='bbox 130 2782 203 2844; x_wconf 90' lang='lat' dir='ltr'><strong>quas</strong></span> <span class='ocrx_word' id='word_1_188' title='bbox 224 2765 357 2827; x_wconf 88' lang='lat' dir='ltr'><strong>dedimus</strong></span> <span class='ocrx_word' id='word_1_189' title='bbox 378 2775 459 2828; x_wconf 90' lang='lat' dir='ltr'><strong>certe</strong></span> <span class='ocrx_word' id='word_1_190' title='bbox 481 2776 573 2827; x_wconf 89' lang='lat' dir='ltr'><strong>terras</strong></span> <span class='ocrx_word' id='word_1_191' title='bbox 595 2765 725 2828; x_wconf 88' lang='lat' dir='ltr'><strong>babitare</strong></span> <span class='ocrx_word' id='word_1_192' title='bbox 749 2766 890 2828; x_wconf 90' lang='lat' dir='ltr'><strong>sinamus.</strong></span> <span class='ocrx_word' id='word_1_193' title='bbox 1163 2775 1206 2826; x_wconf 77' lang='grc'><strong>191</strong></span> 
     </span>
     <span class='ocr_line' id='line_1_32' title="bbox 129 2850 875 2931; baseline 0.003 -22"><span class='ocrx_word' id='word_1_194' title='bbox 129 2867 166 2909; x_wconf 92' lang='lat' dir='ltr'><strong>an</strong></span> <span class='ocrx_word' id='word_1_195' title='bbox 189 2850 269 2921; x_wconf 77' lang='lat' dir='ltr'><strong>satis,</strong></span> <span class='ocrx_word' id='word_1_196' title='bbox 292 2868 310 2910; x_wconf 94' lang='lat' dir='ltr'><strong>o</strong></span> <span class='ocrx_word' id='word_1_197' title='bbox 333 2852 443 2931; x_wconf 85' lang='lat' dir='ltr'><strong>superi,</strong></span> <span class='ocrx_word' id='word_1_198' title='bbox 465 2859 546 2912; x_wconf 87' lang='lat' dir='ltr'><strong>tutos</strong></span> <span class='ocrx_word' id='word_1_199' title='bbox 568 2850 631 2912; x_wconf 83' lang='lat' dir='ltr'><strong>iore</strong></span> <span class='ocrx_word' id='word_1_200' title='bbox 653 2850 773 2913; x_wconf 86' lang='lat' dir='ltr'><strong>creditis</strong></span> <span class='ocrx_word' id='word_1_201' title='bbox 799 2850 875 2924; x_wconf 81' lang='lat' dir='ltr'><strong>illos,</strong></span> 
     </span>
     <span class='ocr_line' id='line_1_33' title="bbox 130 2935 1010 3016; baseline 0.001 -22"><span class='ocrx_word' id='word_1_202' title='bbox 130 2951 198 2994; x_wconf 94' lang='lat' dir='ltr'><strong>cum</strong></span> <span class='ocrx_word' id='word_1_203' title='bbox 220 2935 301 3007; x_wconf 78' lang='lat' dir='ltr'><strong>mibi,</strong></span> <span class='ocrx_word' id='word_1_204' title='bbox 324 2937 374 3016; x_wconf 94' lang='lat' dir='ltr'><strong>qui</strong></span> <span class='ocrx_word' id='word_1_205' title='bbox 398 2936 519 3010; x_wconf 80' lang='lat' dir='ltr'><strong>fulmen,</strong></span> <span class='ocrx_word' id='word_1_206' title='bbox 542 2936 593 3016; x_wconf 91' lang='lat' dir='ltr'><strong>qui</strong></span> <span class='ocrx_word' id='word_1_207' title='bbox 616 2953 667 2996; x_wconf 84' lang='lat' dir='ltr'><strong>ros</strong></span> <span class='ocrx_word' id='word_1_208' title='bbox 689 2935 842 3016; x_wconf 89' lang='lat' dir='ltr'><strong>habeoque</strong></span> <span class='ocrx_word' id='word_1_209' title='bbox 867 2953 1010 3016; x_wconf 90' lang='lat' dir='ltr'><strong>regoque‚</strong></span> 
     </span>
     <span class='ocr_line' id='line_1_34' title="bbox 1081 3048 1171 3102; baseline 0 0"><span class='ocrx_word' id='word_1_210' title='bbox 1081 3048 1171 3102; x_wconf 80' lang='lat' dir='ltr'><strong>lnao²</strong></span> 
     </span>
     <span class='ocr_line' id='line_1_35' title="bbox 202 3114 1204 3186; baseline -0.001 -17"><span class='ocrx_word' id='word_1_211' title='bbox 202 3122 247 3172; x_wconf 85' lang='grc'><strong>166</strong></span> <span class='ocrx_word' id='word_1_212' title='bbox 270 3120 369 3171; x_wconf 89' lang='lat' dir='ltr'><strong>animos</strong></span> <span class='ocrx_word' id='word_1_213' title='bbox 391 3126 417 3172; x_wconf 90' lang='lat' dir='ltr'><strong>et</strong></span> <span class='ocrx_word' id='word_1_214' title='bbox 438 3118 529 3186; x_wconf 84' lang='lat' dir='ltr'><strong>dignas</strong></span> <span class='ocrx_word' id='word_1_215' title='bbox 555 3121 578 3180; x_wconf 90' lang='lat' dir='ltr'><strong>(s</strong></span> <span class='ocrx_word' id='word_1_216' title='bbox 594 3122 612 3170; x_wconf 80' lang='lat' dir='ltr'><strong>i.</strong></span> <span class='ocrx_word' id='word_1_217' title='bbox 630 3123 663 3178; x_wconf 72' lang='lat' dir='ltr'><strong>r.)</strong></span> <span class='ocrx_word' id='word_1_218' title='bbox 696 3119 768 3171; x_wconf 90' lang='lat' dir='ltr'><strong>conci</strong></span> <span class='ocrx_word' id='word_1_219' title='bbox 788 3119 808 3170; x_wconf 91' lang='lat' dir='ltr'><strong>it</strong></span> <span class='ocrx_word' id='word_1_220' title='bbox 828 3118 854 3170; x_wconf 88' lang='lat' dir='ltr'><strong>lll</strong></span> <span class='ocrx_word' id='word_1_221' title='bbox 895 3114 1030 3170; x_wconf 65' lang='lat' dir='ltr'><strong>animosi</strong></span> <span class='ocrx_word' id='word_1_222' title='bbox 1073 3118 1204 3171; x_wconf 79' lang='lat' dir='ltr'><strong>animosa</strong></span> 
     </span>
     <span class='ocr_line' id='line_1_36' title="bbox 132 3135 1204 3254; baseline -0.001 -16"><span class='ocrx_word' id='word_1_223' title='bbox 132 3189 179 3239; x_wconf 75' lang='lat'><strong>173</strong></span> <span class='ocrx_word' id='word_1_224' title='bbox 202 3186 275 3253; x_wconf 85' lang='lat' dir='ltr'><strong>plebs</strong></span> <span class='ocrx_word' id='word_1_225' title='bbox 297 3187 397 3240; x_wconf 78' lang='lat' dir='ltr'><strong>diversa</strong></span> <span class='ocrx_word' id='word_1_226' title='bbox 423 3188 487 3239; x_wconf 89' lang='lat' dir='ltr'><strong>locis</strong></span> <span class='ocrx_word' id='word_1_227' title='bbox 508 3186 607 3239; x_wconf 85' lang='lat' dir='ltr'><strong>habitat</strong></span> <span class='ocrx_word' id='word_1_228' title='bbox 630 3183 646 3238; x_wconf 78' lang='grc' dir='ltr'><strong><em>λ</em></strong></span> <span class='ocrx_word' id='word_1_229' title='bbox 701 3187 746 3254; x_wconf 78' lang='lat' dir='ltr'><strong>ma</strong></span> <span class='ocrx_word' id='word_1_230' title='bbox 769 3135 853 3238; x_wconf 62' lang='lat' dir='ltr'><strong>fronte</strong></span> <span class='ocrx_word' id='word_1_231' title='bbox 876 3185 901 3237; x_wconf 86' lang='lat' dir='ltr'><strong>bl</strong></span> <span class='ocrx_word' id='word_1_232' title='bbox 950 3187 998 3238; x_wconf 86' lang='lat' dir='ltr'><strong>hac</strong></span> <span class='ocrx_word' id='word_1_233' title='bbox 1024 3185 1110 3239; x_wconf 78' lang='lat' dir='ltr'><strong>tronto</strong></span> <span class='ocrx_word' id='word_1_234' title='bbox 1134 3189 1204 3238; x_wconf 75' lang='lat' dir='ltr'><strong>cont.</strong></span> 
     </span>
     <span class='ocr_line' id='line_1_37' title="bbox 129 3252 1202 3323; baseline -0.003 -17"><span class='ocrx_word' id='word_1_235' title='bbox 129 3253 233 3306; x_wconf 56' lang='grc' dir='ltr'><strong>Μήτ’</strong></span> <span class='ocrx_word' id='word_1_236' title='bbox 265 3255 312 3307; x_wconf 85' lang='lat' dir='ltr'><strong>lrac</strong></span> <span class='ocrx_word' id='word_1_237' title='bbox 335 3261 407 3323; x_wconf 89' lang='lat' dir='ltr'><strong>parte</strong></span> <span class='ocrx_word' id='word_1_238' title='bbox 428 3255 510 3321; x_wconf 71' lang='lat' dir='ltr'><strong>srgm.</strong></span> <span class='ocrx_word' id='word_1_239' title='bbox 527 3255 660 3306; x_wconf 75' lang='lat' dir='ltr'><strong>Ber-neme</strong></span> <span class='ocrx_word' id='word_1_240' title='bbox 719 3258 766 3308; x_wconf 82' lang='lat' dir='ltr'><strong>ltu</strong></span> <span class='ocrx_word' id='word_1_241' title='bbox 784 3253 859 3318; x_wconf 85' lang='lat' dir='ltr'><strong>caeli]</strong></span> <span class='ocrx_word' id='word_1_242' title='bbox 883 3252 952 3321; x_wconf 86' lang='lat' dir='ltr'><strong>regis</strong></span> <span class='ocrx_word' id='word_1_243' title='bbox 972 3253 1017 3306; x_wconf 73' lang='grc' dir='ltr'><strong>Μ’</strong></span> <span class='ocrx_word' id='word_1_244' title='bbox 1034 3258 1053 3305; x_wconf 84' lang='grc' dir='ltr'><strong>ι’.</strong></span> <span class='ocrx_word' id='word_1_245' title='bbox 1070 3271 1093 3305; x_wconf 82' lang='lat' dir='ltr'><strong>r.</strong></span> <span class='ocrx_word' id='word_1_246' title='bbox 1156 3256 1202 3307; x_wconf 85' lang='lat' dir='ltr'><strong>l&#39;l‘l</strong></span> 
     </span>
     <span class='ocr_line' id='line_1_38' title="bbox 129 3320 1206 3442; baseline 0 -68"><span class='ocrx_word' id='word_1_247' title='bbox 129 3322 173 3374; x_wconf 93' lang='lat' dir='ltr'><strong>ubi</strong></span> <span class='ocrx_word' id='word_1_248' title='bbox 197 3323 222 3375; x_wconf 92' lang='lat' dir='ltr'><strong>in</strong></span> <span class='ocrx_word' id='word_1_249' title='bbox 241 3320 413 3377; x_wconf 72' lang='lat' dir='ltr'><strong>marmoreoi</strong></span> <span class='ocrx_word' id='word_1_250' title='bbox 470 3324 517 3375; x_wconf 81' lang='lat' dir='ltr'><strong>ttt</strong></span> <span class='ocrx_word' id='word_1_251' title='bbox 539 3322 597 3375; x_wconf 92' lang='lat' dir='ltr'><strong>loco</strong></span> <span class='ocrx_word' id='word_1_252' title='bbox 613 3326 662 3374; x_wconf 77' lang='lat' dir='ltr'><strong>est</strong></span> <span class='ocrx_word' id='word_1_253' title='bbox 683 3320 709 3373; x_wconf 90' lang='lat' dir='ltr'><strong>ld</strong></span> <span class='ocrx_word' id='word_1_254' title='bbox 736 3321 847 3383; x_wconf 74' lang='lat' dir='ltr'><strong>(bacola</strong></span> <span class='ocrx_word' id='word_1_255' title='bbox 869 3321 925 3373; x_wconf 81' lang='lat' dir='ltr'><strong>alio</strong></span> <span class='ocrx_word' id='word_1_256' title='bbox 948 3327 1100 3374; x_wconf 63' lang='lat' dir='ltr'><strong>aucmento</strong></span> <span class='ocrx_word' id='word_1_257' title='bbox 1121 3325 1206 3442; x_wconf 69' lang='lat' dir='ltr'><strong>pictoq</strong></span> 
     </span>
    </p>
   </div>
   <div class='ocr_carea' id='block_1_3' title="bbox 129 3385 1205 3526">
    <p class='ocr_par' dir='ltr' id='par_1_3' title="bbox 129 3385 1205 3526">
     <span class='ocr_line' id='line_1_39' title="bbox 129 3385 1172 3457; baseline 0.002 -17"><span class='ocrx_word' id='word_1_258' title='bbox 129 3406 210 3457; x_wconf 83' lang='lat' dir='ltr'><strong>quam</strong></span> <span class='ocrx_word' id='word_1_259' title='bbox 234 3406 286 3455; x_wconf 84' lang='lat' dir='ltr'><strong>quo</strong></span> <span class='ocrx_word' id='word_1_260' title='bbox 311 3407 346 3443; x_wconf 83' lang='lat' dir='ltr'><strong>m.</strong></span> <span class='ocrx_word' id='word_1_261' title='bbox 369 3393 384 3443; x_wconf 90' lang='lat'><em>1</em></span> <span class='ocrx_word' id='word_1_262' title='bbox 411 3395 455 3441; x_wconf 79' lang='lat' dir='ltr'><strong>uti</strong></span> <span class='ocrx_word' id='word_1_263' title='bbox 478 3389 557 3455; x_wconf 76' lang='lat' dir='ltr'><strong>solet)</strong></span> <span class='ocrx_word' id='word_1_264' title='bbox 628 3393 675 3444; x_wconf 84' lang='lat'><strong>185</strong></span> <span class='ocrx_word' id='word_1_265' title='bbox 703 3389 767 3443; x_wconf 88' lang='lat' dir='ltr'><strong>ostis</strong></span> <span class='ocrx_word' id='word_1_266' title='bbox 792 3385 825 3440; x_wconf 66' lang='grc' dir='ltr'><strong>λ’</strong></span> <span class='ocrx_word' id='word_1_267' title='bbox 897 3391 945 3442; x_wconf 78' lang='lat' dir='ltr'><strong>tas</strong></span> <span class='ocrx_word' id='word_1_268' title='bbox 969 3395 1011 3442; x_wconf 81' lang='lat' dir='ltr'><strong>est</strong></span> <span class='ocrx_word' id='word_1_269' title='bbox 1037 3407 1093 3441; x_wconf 82' lang='lat' dir='ltr'><strong>nort</strong></span> <span class='ocrx_word' id='word_1_270' title='bbox 1120 3406 1172 3442; x_wconf 86' lang='lat' dir='ltr'><strong>om.</strong></span> 
     </span>
     <span class='ocr_line' id='line_1_40' title="bbox 131 3453 1205 3526; baseline -0.003 -14"><span class='ocrx_word' id='word_1_271' title='bbox 131 3460 179 3513; x_wconf 86' lang='grc'><strong>199</strong></span> <span class='ocrx_word' id='word_1_272' title='bbox 198 3465 277 3510; x_wconf 83' lang='lat' dir='ltr'><strong>terras</strong></span> <span class='ocrx_word' id='word_1_273' title='bbox 303 3461 324 3512; x_wconf 81' lang='grc' dir='ltr'>Α</span> <span class='ocrx_word' id='word_1_274' title='bbox 376 3463 441 3512; x_wconf 85' lang='lat' dir='ltr'><strong>terra</strong></span> <span class='ocrx_word' id='word_1_275' title='bbox 459 3458 535 3510; x_wconf 87' lang='lat' dir='ltr'><strong>codd.</strong></span> <span class='ocrx_word' id='word_1_276' title='bbox 552 3461 695 3525; x_wconf 79' lang='lat' dir='ltr'><strong>Argentin.</strong></span> <span class='ocrx_word' id='word_1_277' title='bbox 721 3457 837 3509; x_wconf 79' lang='lat' dir='ltr'><strong>etheid.</strong></span> <span class='ocrx_word' id='word_1_278' title='bbox 897 3460 944 3510; x_wconf 88' lang='grc'><strong>190</strong></span> <span class='ocrx_word' id='word_1_279' title='bbox 970 3457 1119 3526; x_wconf 83' lang='lat' dir='ltr'><strong>temptanda</strong></span> <span class='ocrx_word' id='word_1_280' title='bbox 1143 3453 1205 3511; x_wconf 61' lang='grc' dir='ltr'><strong>Μ’</strong></span> 
     </span>
    </p>
   </div>
   <div class='ocr_carea' id='block_1_4' title="bbox 129 3531 1204 3662">
    <p class='ocr_par' dir='ltr' id='par_1_4' title="bbox 129 3531 1204 3662">
     <span class='ocr_line' id='line_1_41' title="bbox 129 3531 1204 3662; baseline 0.004 -19"><span class='ocrx_word' id='word_1_281' title='bbox 129 3593 247 3645; x_wconf 79' lang='lat' dir='ltr'><strong>rulnuse</strong></span> <span class='ocrx_word' id='word_1_282' title='bbox 272 3610 378 3662; x_wconf 86' lang='lat' dir='ltr'><strong>corpus;</strong></span> <span class='ocrx_word' id='word_1_283' title='bbox 390 3598 419 3646; x_wconf 82' lang='lat' dir='ltr'><strong>in</strong></span> <span class='ocrx_word' id='word_1_284' title='bbox 431 3610 517 3661; x_wconf 79' lang='lat' dir='ltr'><strong>marg.</strong></span> <span class='ocrx_word' id='word_1_285' title='bbox 546 3593 557 3646; x_wconf 92' lang='lat' dir='ltr'><strong>l</strong></span> <span class='ocrx_word' id='word_1_286' title='bbox 574 3593 668 3646; x_wconf 83' lang='lat' dir='ltr'><strong>rulnus</strong></span> <span class='ocrx_word' id='word_1_287' title='bbox 679 3592 705 3645; x_wconf 91' lang='lat' dir='ltr'><strong>ld</strong></span> <span class='ocrx_word' id='word_1_288' title='bbox 721 3531 856 3661; x_wconf 52' lang='lat' dir='ltr'><strong>legissggsl</strong></span> <span class='ocrx_word' id='word_1_289' title='bbox 894 3595 940 3646; x_wconf 79' lang='grc'><strong>192</strong></span> <span class='ocrx_word' id='word_1_290' title='bbox 959 3600 1020 3646; x_wconf 84' lang='lat' dir='ltr'><strong>sunl</strong></span> <span class='ocrx_word' id='word_1_291' title='bbox 1034 3593 1096 3648; x_wconf 84' lang='lat' dir='ltr'><strong>mibi</strong></span> <span class='ocrx_word' id='word_1_292' title='bbox 1109 3592 1204 3647; x_wconf 84' lang='lat' dir='ltr'><strong>rustica</strong></span> 
     </span>
    </p>
   </div>
   <div class='ocr_carea' id='block_1_5' title="bbox 130 3685 1202 3798">
    <p class='ocr_par' dir='ltr' id='par_1_5' title="bbox 130 3685 1202 3798">
     <span class='ocr_line' id='line_1_42' title="bbox 130 3685 1202 3798; baseline 0.001 -18"><span class='ocrx_word' id='word_1_293' title='bbox 130 3725 146 3780; x_wconf 76' lang='lat' dir='ltr'><strong>l</strong></span> <span class='ocrx_word' id='word_1_294' title='bbox 199 3731 246 3783; x_wconf 86' lang='grc'><strong>199</strong></span> <span class='ocrx_word' id='word_1_295' title='bbox 269 3685 537 3798; x_wconf 46' lang='grc' dir='ltr'><strong>ῐιυηίᾳῗιὲΜαΜ</strong></span> <span class='ocrx_word' id='word_1_296' title='bbox 573 3728 642 3782; x_wconf 86' lang='lat' dir='ltr'><strong>launi</strong></span> <span class='ocrx_word' id='word_1_297' title='bbox 665 3724 827 3798; x_wconf 71' lang='lat' dir='ltr'><strong>satiriquei</strong></span> <span class='ocrx_word' id='word_1_298' title='bbox 861 3733 887 3782; x_wconf 87' lang='lat' dir='ltr'><strong>et</strong></span> <span class='ocrx_word' id='word_1_299' title='bbox 911 3729 982 3783; x_wconf 84' lang='lat' dir='ltr'><strong>launi</strong></span> <span class='ocrx_word' id='word_1_300' title='bbox 1006 3733 1058 3782; x_wconf 84' lang='lat' dir='ltr'><strong>sal·</strong></span> <span class='ocrx_word' id='word_1_301' title='bbox 1084 3748 1099 3781; x_wconf 77' lang='lat' dir='ltr'><strong>a</strong></span> <span class='ocrx_word' id='word_1_302' title='bbox 1155 3729 1202 3782; x_wconf 81' lang='grc'><strong>197</strong></span> 
     </span>
    </p>
   </div>
   <div class='ocr_carea' id='block_1_6' title="bbox 123 3813 339 3948">
    <p class='ocr_par' dir='ltr' id='par_1_6' title="bbox 123 3813 339 3948">
     <span class='ocr_line' id='line_1_43' title="bbox 129 3813 339 3878; baseline 0.01 -14"><span class='ocrx_word' id='word_1_303' title='bbox 129 3813 339 3878; x_wconf 63' lang='lat' dir='ltr'><strong>limbaula-am.)</strong></span> 
     </span>
     <span class='ocr_line' id='line_1_44' title="bbox 123 3880 338 3948; baseline 0.023 -19"><span class='ocrx_word' id='word_1_304' title='bbox 123 3881 245 3948; x_wconf 73' lang='lat' dir='ltr'><strong>abeoque</strong></span> <span class='ocrx_word' id='word_1_305' title='bbox 311 3880 338 3933; x_wconf 85' lang='grc' dir='ltr'><strong>Μ</strong></span> 
     </span>
    </p>
   </div>
   <div class='ocr_carea' id='block_1_7' title="bbox 0 0 1350 4230">
    <p class='ocr_par' dir='ltr' id='par_1_7' title="bbox 0 0 1350 4230">
     <span class='ocr_line' id='line_1_45' title="bbox 0 0 1350 4230; baseline 0 0"><span class='ocrx_word' id='word_1_306' title='bbox 0 0 1350 4230; x_wconf 95' lang='lat' dir='ltr'><strong> </strong></span> 
     </span>
    </p>
   </div>
  </div>
 </body>
</html>
