2692 4230
105 112 166 175 154
561 121 716 177 Mutuum,
1082 138 1177 179 tracus

104 292 224 355 letiferis
246 293 331 357 calidi
353 295 504 376 spirarunt
524 291 653 353 aestibus
673 292 775 354 austri.

104 388 219 441 constet
240 388 270 442 et
291 379 322 440 in
345 379 442 440 lentes
458 375 559 437 vitium
582 373 699 435 venisse
719 374 870 459 lacusque,

104 464 242 545 miliaque
264 463 393 527 incultos
414 466 587 540 serpentum
610 457 701 519 multa
723 478 777 539 per
798 482 886 542 agros

103 567 215 611 emesae
235 558 324 629 etque
344 546 406 608 suis
427 543 531 605 llurios
554 551 711 605 temerasse
735 548 865 609 venenis.
1132 553 1176 605 535

103 633 208 714 strage
221 649 327 695 cenum
349 628 444 710 primo
467 627 680 710 volucrumque
701 627 858 710 oviumque
880 633 1041 714 boumque,

103 719 195 799 inque
215 717 286 779 teris
308 712 396 776 subiti
419 712 564 793 deprensa
587 712 719 795 potentia
741 713 846 775 morbi.

67 856 73 868 ,,
104 802 260 865 concidere
281 797 382 861 infelix
404 796 515 860 validos
536 798 659 862 miratur
679 807 777 860 arator

104 888 180 949 inter
202 903 277 965 opus
299 891 399 944 tauros
420 882 578 964 medioque
597 882 770 947 recumbere
792 881 886 958 sulco,

103 969 241 1049 lanigeris
262 966 401 1047 gregibus
422 966 535 1032 balatus
556 970 695 1032 dantibus
716 985 820 1048 aegros

102 1063 209 1136 sponte
231 1071 282 1113 sua
305 1051 447 1132 lanaeque
468 1053 578 1117 cedunt
599 1065 628 1118 et
650 1071 775 1136 empore
798 1052 908 1114 tabent.

102 1157 169 1201 acer
191 1155 286 1216 equus
308 1137 457 1216 quondam
477 1156 662 1221 magnaeque
683 1139 713 1202 in
737 1138 858 1220 pulvere
880 1137 974 1198 iamne

103 1224 260 1302 degeneret
281 1221 403 1303 palmes,
424 1233 616 1306 veterumque
638 1225 747 1287 oblitus
769 1225 919 1285 bonorum

103 1307 137 1369 ed
160 1325 302 1388 praesepe
324 1307 415 1387 gemit
435 1308 496 1372 leto
518 1310 681 1372 moriturus
702 1310 800 1372 inerti.
862 1327 866 1333 ·

103 1410 164 1454 uon
186 1410 257 1473 aper
280 1392 364 1455 irasci
386 1394 530 1470 meminit,
555 1414 615 1456 non
638 1395 728 1456 fidere
749 1413 839 1457 cursu

104 1495 198 1551 certe,
221 1496 276 1539 nec
298 1479 438 1541 armeniis
460 1479 612 1543 incurrere
635 1480 761 1541 fortibus
783 1480 855 1542 ursi.

104 1561 201 1624 omnia
223 1562 350 1643 languor
373 1563 469 1625 babet.
512 1564 652 1642 silvisque
673 1563 811 1643 agrisque
834 1564 947 1643 viisque

104 1665 228 1728 corpora
249 1647 335 1709 foeda
357 1646 463 1720 iacent,
486 1647 624 1708 vitientur
647 1646 788 1708 odoribus
809 1665 907 1708 auree.

104 1732 177 1794 mira
200 1731 314 1811 loquar,
338 1747 398 1791 non
421 1730 471 1792 illa
493 1748 582 1792 canes
604 1731 763 1811 avidaeque
784 1731 930 1805 volucres,

104 1835 164 1879 non
186 1816 252 1876 cani
277 1815 397 1894 tetigere
418 1814 497 1896 lupia
521 1815 632 1896 dilapsa
655 1815 824 1896 liquescunt

103 1901 269 1980 adflatuque
292 1908 401 1962 nocent
423 1909 454 1962 et
475 1910 568 1979 agunt
589 1901 725 1980 contagia
748 1901 815 1964 late.

103 1984 293 2067 pervenitad
316 1985 440 2048 miseros
461 1986 569 2047 damno
592 1986 725 2064 graviore
748 1985 872 2047 colonos

104 2070 196 2151 pestis
218 2078 247 2131 et
269 2070 299 2131 in
322 2088 445 2150 magnae
467 2070 636 2133 dominatur
657 2071 814 2133 moenibus
837 2071 931 2133 urbis.

104 2154 211 2216 viscera
235 2164 385 2216 torrentur
409 2156 515 2237 primo,
538 2157 731 2236 flammaeque
752 2156 871 2217 latentis

103 2239 243 2302 indicium
267 2239 358 2302 rubor
380 2251 424 2302 cst
445 2250 475 2302 et
496 2241 602 2304 ductus
623 2241 770 2303 anhelitus
792 2241 866 2320 igni.

104 2342 206 2405 aspera
229 2323 328 2404 lingua
352 2333 453 2400 tumet,
476 2326 640 2406 tepidisque
662 2327 773 2388 arentia
796 2327 893 2388 ventis

103 2427 154 2469 ora
176 2418 288 2490 patent,
310 2427 457 2490 auraeque
479 2427 580 2490 graves
602 2420 757 2492 captantur
778 2410 870 2474 biatu.

105 2512 165 2555 noo
187 2505 321 2570 stratum,
344 2513 403 2556 non
428 2495 487 2557 nlla
511 2496 572 2576 pati
593 2496 735 2557 velamina
759 2507 895 2577 possunt,

103 2578 180 2640 nuda
202 2580 252 2640 sed
276 2579 305 2640 in
330 2589 405 2641 terra
428 2588 546 2660 ponunt
567 2582 754 2663 praecordia:
778 2600 834 2644 nec
856 2583 890 2643 lit

103 2683 212 2744 corpus
234 2665 324 2726 burno
347 2665 487 2743 gelidum,
509 2667 560 2727 sed
582 2669 689 2729 bnmus
711 2666 747 2728 tle
768 2685 896 2748 corpore
923 2666 1024 2727 lervel.
1139 2674 1150 2686 '

104 2767 160 2810 nec
181 2749 348 2811 moderator
369 2750 460 2824 adest,
481 2750 572 2831 inque
594 2753 676 2832 ipsos
697 2771 779 2814 saeve
802 2752 955 2814 medentes

105 2833 233 2914 erumpit
254 2833 361 2908 clades,
383 2834 553 2916 obsuntque
579 2837 749 2899 auctoribus
770 2846 858 2897 artes.

105 2937 164 2999 quo
186 2918 309 3000 propior
331 2920 456 3001 quisque
478 2929 522 2982 est
544 2922 689 3002 servitque
712 2920 827 2982 lldelius
848 2937 947 3000 aegro,

104 3004 134 3064 in
158 3013 272 3084 partem
294 3002 343 3065 leti
366 3005 453 3066 citius
474 3007 564 3069 uenit.
609 3016 701 3085 utque
722 3005 824 3067 salutis

171 3158 221 3209 532
240 3156 343 3209 llatibus
362 3157 450 3208 Heius.
515 3159 565 3210 535
583 3156 759 3225 at'iunrquerl
812 3155 953 3222 oviumque
971 3153 1059 3205 Heius.
1127 3153 1178 3204 535

104 3239 324 3363 cellule-morbi
343 3314 418 3362 csta
504 3313 554 3362 544
572 3309 625 3362 leto
647 3310 686 3361 ed.
700 3311 792 3374 princ.
863 3238 995 3359 ιιῐιιὲῐτὶὶξιῗε
1064 3304 1180 3370 longoG

104 3382 152 3432 545
171 3393 219 3430 nec
237 3377 346 3430 fideres
409 3381 458 3430 547
477 3374 617 3446 plangor).
686 3379 736 3430 545
754 3379 886 3432 minantur
902 3373 946 3426 lut
997 3373 1120 3426 vitiantur
1136 3371 1181 3425 Μ’

234 3462 269 3514 0²
926 3455 963 3511 is*
1009 3456 1146 3520 fatiscunt⁸

103 3535 152 3586 549
171 3532 262 3599 loquar
278 3529 304 3582 bt
391 3533 439 3583 551
465 3545 516 3597 que
537 3530 623 3583 adeor.
641 3527 685 3580 Μ’
771 3532 821 3582 554
846 3527 975 3595 llammaq:
1006 3525 1110 3578 latentis
1154 3524 1180 3576 ll

105 3687 264 3752 flammisque
282 3683 435 3736 latiscuute
514 3687 564 3738 555
582 3613 762 3749 abiglnpgoe’Z
840 3628 893 3748 ignei
912 3680 938 3732 ll
1017 3683 1066 3733 556
1085 3678 1182 3799 ventis]

104 3750 210 3807 renisi
262 3753 311 3806 559
330 3750 396 3803 noua
416 3753 448 3803 ci.
467 3752 578 3820 bentley
631 3748 733 3804 durat
786 3749 824 3814 lit]
843 3749 878 3802 sit
895 3747 921 3800 bl
992 3751 1038 3801 551
1059 3746 1149 3816 iuqulllp

495 3833 504 3858 ι
698 3834 710 3866 a

103 3910 153 3960 553
171 3906 229 3973 quis
247 3901 320 3958 esti.
389 3907 438 3958 564
457 3851 552 3972 ianam
605 3834 726 3971 miliia
778 3908 888 3971 atquee
940 3905 1020 3970 utque
1039 3902 1129 3954 Heiua.
