2692 4230
607 135 761 190 merhout.

496 402 636 487 LIBER
662 401 871 491 TERTIUS.

143 592 268 672 lamque
285 593 358 655 deus
378 592 473 674 posita
496 588 635 651 fallacis
628 589 754 669 imagine
777 590 852 651 tauri

142 697 175 739 se
197 679 351 740 consessus
373 684 434 737 erat
456 673 632 753 Dictaeaque
654 692 721 733 rura
744 672 872 747 tenebat,

143 781 210 823 cum
234 772 317 843 pater
338 761 458 839 ignarus
479 756 587 818 Cadmo
611 756 782 855 perquirere
804 770 916 838 raptam

142 847 268 927 imperat
290 856 318 907 et
340 860 477 939 poenam,
499 842 523 902 si
547 860 607 903 non
631 841 784 915 invenerit,
805 842 884 903 addit

142 932 271 1010 exitium,
296 931 371 990 tacto
394 926 462 1007 pius
484 934 513 987 et
533 927 693 989 sceleratus
715 927 827 989 eodem

141 1016 213 1076 orbe
235 1022 384 1155 pererrato
405 1010 485 1091 (quis
507 1011 586 1073 enim
608 1013 791 1112 deprendere
813 1011 905 1092 possit

143 1101 217 1161 furta
240 1093 338 1157 loris?
340 1102 351 1170 )
375 1097 518 1177 profugus
541 1099 723 1180 patriamque
745 1098 878 1178 iramque
901 1096 1030 1176 parentis

141 1184 210 1244 vitat
232 1181 414 1260 Agenorides
435 1181 606 1280 Phoebique
628 1183 746 1245 oracula
768 1182 893 1265 supplex

142 1265 270 1327 consulit
291 1275 329 1338 et,
353 1286 428 1347 quae
450 1267 489 1329 sit
510 1269 598 1330 tellus
619 1268 786 1340 habitanda
809 1266 940 1349 requirit.

138 1344 205 1411 ‘hos
227 1340 287 1411 tihi’
313 1352 450 1415 Phoebus
471 1353 512 1415 ait
529 1346 614 1415 ‘solis
636 1364 770 1415 occurret
794 1353 823 1414 in
846 1353 931 1424 aruis,

141 1435 254 1497 nulium
271 1455 354 1516 passa
377 1438 480 1517 iugum
502 1438 642 1519 curvique
663 1437 793 1498 inmunis
814 1438 913 1498 aratri.

139 1521 194 1582 hac
217 1522 291 1583 duce
313 1540 402 1603 carpe
424 1521 484 1583 vias
506 1534 534 1583 et
556 1541 612 1602 qua
634 1521 811 1601 requieverit
833 1521 922 1582 herba

139 1607 255 1667 moenia
279 1607 324 1667 iac
347 1607 457 1668 condas
479 1606 658 1684 Boeotiaque
680 1604 727 1666 iiia
750 1601 871 1665 vocato?

138 1691 184 1751 rix
206 1691 283 1751 bene
305 1689 430 1751 Castalio
454 1689 580 1750 Cadmus
602 1689 792 1749 descenderat
813 1697 909 1764 antro,

139 1775 346 1836 incustoditam
371 1773 450 1834 iente
473 1774 577 1835 ridet
569 1793 613 1835 ire
634 1775 786 1835 iuvencam

139 1859 253 1921 nullum
276 1859 387 1918 servitii
411 1859 527 1936 signum
551 1859 664 1919 cervice
685 1868 846 1937 gerentem.

139 1943 328 2021 subsequitur
352 1961 513 2022 pressoque
536 1943 607 2022 legit
629 1943 747 2022 vestigia
771 1962 874 2021 gressu

138 2038 348 2107 auctoremque
371 2028 433 2089 viae
456 2028 607 2089 Phoebum
630 2029 794 2089 taciturnus
816 2027 926 2088 adorat.

139 2113 194 2172 iam
218 2113 287 2172 vada
311 2111 428 2192 Cephisi
452 2112 646 2193 Panopesque
669 2120 797 2173 evaserat
819 2131 903 2172 arva:

138 2197 193 2257 bos
215 2197 295 2257 stetit
318 2207 346 2257 et
368 2197 474 2258 tollens
496 2199 659 2278 speciosam
682 2198 822 2259 cornibus
843 2197 908 2258 altis

137 2283 172 2342 ad
196 2283 308 2342 caetum
332 2282 459 2343 frontem
482 2283 643 2361 mugitibus
665 2282 773 2363 inpulit
786 2300 872 2343 auras

137 2377 225 2445 atque
248 2367 285 2426 ita
308 2365 471 2446 respiciens
493 2368 614 2428 comites
636 2386 688 2428 sua
712 2377 791 2446 terga
814 2376 971 2446 sequentes

138 2451 296 2531 procubuit
319 2461 477 2531 teneraque
499 2451 575 2513 latus
596 2451 731 2513 submisit
753 2453 783 2512 in
807 2451 905 2512 herba.

138 2535 264 2596 Cadmus
285 2536 346 2615 agit
367 2544 465 2614 grates
488 2537 719 2618 peregrinaeque
742 2536 841 2598 oscula
864 2547 956 2598 terrae

138 2621 198 2698 [igit
222 2633 251 2680 et
274 2621 391 2700 ignotos
412 2630 529 2682 montes
550 2641 695 2701 agrosque
716 2621 831 2682 salutat.

136 2724 216 2765 sacra
240 2705 300 2765 lovi
324 2707 455 2766 tacturus
476 2716 546 2767 erat.
591 2707 672 2767 iubet
696 2707 736 2766 ire
759 2707 909 2767 ministros

137 2798 167 2850 et
190 2801 289 2870 petere
312 2809 328 2850 e
350 2790 421 2851 vivis
442 2790 574 2852 libandas
596 2791 727 2852 fontibus
749 2792 852 2853 undas.

137 2874 206 2935 silva
230 2886 313 2936 vetus
334 2875 437 2948 stahat,
462 2875 540 2937 nulla
563 2875 665 2937 violata
688 2877 794 2951 securi,

137 2970 166 3018 et
187 2979 294 3039 specus
316 2960 346 3019 in
369 2960 475 3034 medio,
503 2960 591 3039 virgis
611 2980 646 3022 ac
667 2961 776 3021 vimine
798 2961 917 3030 densus,

137 3044 267 3105 efficiens
290 3044 429 3105 humilem
452 3044 580 3125 lapidum
597 3046 779 3126 conpagibus
801 3061 911 3114 arcum,

137 3127 278 3190 uberibus
301 3131 444 3202 secundus
466 3130 560 3209 aquis,
583 3129 632 3191 uhi
656 3129 792 3191 conditus
813 3137 898 3189 antro

136 3212 256 3274 Martius
277 3215 383 3292 anguis
405 3226 476 3282 erat.
499 3215 593 3276 cristis
616 3214 779 3295 praesignis
802 3224 831 3274 et
852 3231 939 3285 auro;

136 3298 205 3377 igne
227 3299 336 3360 micant
358 3299 447 3374 oculi,
471 3317 579 3380 corpus
602 3311 694 3361 tumet
715 3318 803 3360 omne
826 3315 950 3369 veneno,

136 3394 254 3464 tresque
276 3383 391 3445 vibrant
412 3383 540 3463 linguae,
562 3384 670 3467 triplici
693 3393 770 3445 stant
792 3384 895 3443 ordine
917 3383 1029 3442 dentes.
1063 3402 1066 3414 ·

204 3534 282 3588 3sed
300 3530 405 3602 poteri
439 3540 536 3602 raptam
556 3533 699 3602 perquirere
711 3533 834 3588 Cadmo:
879 3535 1030 3598 dpossetc
1079 3534 1109 3582 15
1127 3529 1204 3595 longe

135 3669 169 3703 ee
187 3653 255 3705 iente
273 3651 298 3704 hi
354 3656 382 3705 tr
402 3642 506 3718 regnor
569 3655 597 3705 19
617 3652 757 3719 cephesih
820 3653 852 3703 26
872 3607 1003 3703 deusest
1065 3652 1097 3702 29
1121 3647 1203 3700 media

134 3808 287 3857 Priscianus
332 3736 469 3857 22:333
487 3805 511 3856 ht
546 3805 726 3857 acuimineB
762 3767 911 3856 acdinined
962 3806 993 3855 31
1013 3803 1160 3871 condillltns
1178 3799 1203 3852 di

120 3876 159 3919 33
179 3875 281 3922 sabran!
297 3889 398 3937 margo
414 3875 454 3925 ed.
475 3875 575 3942 Gryph.
595 3874 661 3926 1534
712 3874 845 3924 micanth
898 3873 944 3924 sibi
965 3871 984 3922 Β
