2692 4230
136 124 251 163 cacroorr
566 112 629 178 vul,
646 115 791 166 ast-tta.

137 281 223 345 turha
247 295 334 346 nocet
355 283 437 344 iactis
459 290 489 342 et
511 299 586 361 quos
608 283 692 364 petit,
715 283 838 366 impedit
859 284 944 346 ictus.

137 384 205 430 ecce
228 369 329 430 furens
351 375 454 428 contra
477 383 529 427 sua
551 368 609 432 iata
630 368 801 453 bipennifer
816 371 906 432 Arcas

133 443 257 526 ‘discite
280 450 416 514 femineis
438 449 508 530 qnid
530 453 587 516 tela
609 454 703 517 virilia
726 463 886 536 praestent,

136 555 154 596 o
177 539 307 610 invenes,
329 534 474 616 operique
495 556 561 600 meo
583 539 739 601 concedite
747 535 768 600 i’
792 540 872 601 dixit.

132 613 208 703 ‘ipsa
230 621 291 683 suis
312 619 382 681 licet
402 620 483 683 hunc
506 622 629 686 Latonia
652 632 788 704 protegat
807 624 906 698 armis,

135 706 225 768 inrita
247 714 343 766 tamen
366 705 447 768 hunc
469 708 595 789 perimet
616 726 681 783 mea
703 707 804 768 dextra
826 699 935 769 Diana?

135 791 200 852 taiia
223 788 413 870 magniloquo
436 794 567 855 tumidus
589 800 801 854 memoraverat
822 809 874 851 ore

134 873 352 954 ancipitemque
374 893 464 938 manu
487 877 596 938 tollens
618 884 743 956 utraque
765 875 892 937 securim

134 958 280 1020 institerat
301 959 410 1038 digitis,
432 962 545 1043 primos
567 978 731 1040 suspensus
753 960 783 1021 in
806 968 897 1021 artus.

135 1054 260 1123 occupat
281 1044 448 1117 audentem,
471 1063 589 1125 quaque
611 1056 656 1106 est
676 1045 722 1106 ria
746 1044 878 1126 proxima
900 1042 970 1120 leto,

100 1205 103 1211 .
135 1145 247 1190 summa
271 1130 350 1191 ierus
371 1131 507 1210 geminos
528 1130 634 1192 direxit
655 1130 691 1192 ad
713 1131 837 1211 inguina
858 1131 970 1192 dentes.

134 1214 264 1275 concidit
285 1215 430 1284 Ancaeus,
453 1214 675 1296 glomerataque
696 1215 841 1294 sanguine
862 1215 956 1276 multo

132 1298 242 1360 viscera
263 1300 345 1379 lapsa
367 1299 478 1360 fluunt:
502 1300 662 1362 madeiacta
685 1310 731 1362 est
751 1309 830 1360 terra
851 1317 967 1361 cruore.

134 1383 194 1444 ibat
215 1384 246 1444 in
269 1385 422 1444 adversum
444 1384 543 1464 proies
565 1385 677 1447 Ixionis
698 1386 814 1445 hostem

133 1467 291 1538 Pirithous,
313 1467 405 1529 valida
428 1469 565 1550 quatiens
585 1469 729 1532 venabula
752 1469 862 1530 dextra.

134 1553 181 1614 cui
203 1551 308 1632 procul
331 1553 456 1630 Aegides
475 1546 506 1614 ‘o
529 1572 577 1615 me
598 1554 671 1615 mihi
694 1548 798 1616 carior'
822 1552 921 1635 inquit

130 1629 212 1717 ‘pars
233 1636 348 1698 animae
370 1638 501 1701 consiste
522 1639 621 1701 meae!
644 1638 714 1701 licet
736 1639 853 1701 eminus
875 1657 940 1700 esse

134 1721 275 1782 fortibus:
297 1724 416 1784 Ancaeo
439 1724 543 1785 nocuit
564 1724 720 1785 temeraria
741 1715 852 1785 virtus’

132 1805 204 1868 dixit
226 1815 255 1868 et
275 1817 370 1869 aerata
392 1809 480 1870 torsit
502 1826 589 1888 grave
612 1808 735 1890 cuspide
761 1825 897 1870 cornum.

134 1909 192 1972 quo
215 1891 290 1953 hene
312 1891 418 1954 librato
441 1893 562 1974 votique
584 1902 708 1974 potente
730 1894 841 1968 futuro,

133 1975 245 2038 obstitit
266 1977 399 2039 aescuiea
422 1978 582 2040 irondosns
603 1978 640 2040 ab
663 1976 770 2041 arbore
790 1995 899 2039 ramus.
937 1987 939 1990 ⁴

131 2061 210 2122 misit
231 2071 260 2122 et
282 2062 444 2123 Aesonides
466 2063 611 2125 iaculum:
635 2064 715 2143 quod
738 2081 824 2125 casus
845 2061 882 2123 ah
904 2059 955 2121 illo

131 2147 217 2207 vertit
240 2147 270 2206 in
293 2147 423 2208 inmeriti
447 2148 539 2210 iatum
562 2147 706 2222 intrantis,
730 2157 760 2209 et
782 2148 860 2209 inter

132 2229 180 2291 ilia
202 2232 370 2292 coniectum
391 2230 496 2294 tellure
519 2251 573 2314 per
595 2231 647 2294 iiia
669 2233 760 2295 fixum
783 2243 837 2294 est

131 2326 161 2376 at
182 2332 286 2377 manus
309 2315 439 2378 Oenidae
461 2317 561 2392 variat,
582 2317 741 2398 missisque
764 2316 877 2379 duabus

131 2400 211 2461 hasta
235 2401 316 2482 prior
338 2409 426 2473 terra,
449 2402 547 2463 medio
569 2403 651 2464 stetit
671 2402 762 2464 altera
784 2410 877 2479 tergo.

132 2503 187 2546 nec
209 2503 301 2556 mora,
323 2486 393 2547 dum
417 2487 518 2560 saevit,
540 2487 610 2548 dum
634 2504 760 2567 corpora
782 2494 879 2546 versat
899 2483 930 2544 in
953 2481 1058 2544 orbem

131 2569 360 2650 stridentemque
384 2589 460 2631 novo
483 2590 619 2652 spumam
642 2590 710 2633 cnm
733 2570 879 2649 sanguine
897 2568 1007 2643 fundit,

130 2655 259 2716 vulneris
281 2664 384 2716 auctor
406 2656 488 2717 adest
510 2658 684 2736 hostemque
706 2655 809 2718 inritat
830 2656 866 2717 ad
889 2655 963 2716 iram

131 2739 341 2820 splendidaque
363 2742 502 2802 adversos
523 2740 667 2803 venabula
689 2740 791 2802 condit
813 2739 844 2802 in
866 2757 973 2802 armos

131 2825 233 2902 gaudia
257 2833 403 2886 testantur
425 2826 497 2887 socii
522 2825 650 2888 clamore
676 2826 808 2888 secundo

130 2908 338 2989 victricemque
362 2919 469 2990 petunt
490 2911 608 2973 dextrae
630 2912 813 2989 coniungere
835 2909 965 2970 dextram

132 2994 338 3073 inmanemque
361 2996 455 3056 ierum
479 2995 571 3058 muita
593 2995 700 3058 tellure
722 2996 866 3057 iacentem

130 3079 271 3139 mirantes
293 3090 436 3160 spectant.
481 3100 580 3162 neque
602 3082 699 3143 adhuc
721 3081 896 3159 contingere
917 3086 1015 3139 tutum

131 3182 193 3224 esse
216 3173 329 3245 putant,
352 3167 403 3225 sed
427 3166 483 3227 teia
505 3179 603 3228 tamen
626 3185 679 3228 sua
702 3166 828 3246 quisque
849 3170 996 3225 cruentat.

198 3335 247 3385 ³98
271 3333 376 3397 primos]
400 3349 495 3400 pronos
520 3338 589 3385 coni.
611 3334 731 3386 Marke1²
817 3262 981 3386 402tqqqpp
1004 3348 1018 3380 r
1087 3327 1209 3395 sanguine

131 3410 195 3453 terra
214 3398 287 3451 esti
338 3405 386 3453 401
407 3402 501 3452 antheo
521 3401 545 3452 111
599 3403 729 3454 ancheoe
784 3404 833 3454 408
852 3416 931 3452 cornu
949 3402 993 3461 (nn
1012 3399 1108 3461 r‘.r·.)e
1160 3396 1208 3446 too

131 3485 232 3605 Μεῗιῗε
283 3553 361 3604 cniC
420 3555 525 3621 totique
543 3556 561 3618 (i
581 3553 703 3619 excidi
757 3550 867 3606 intnrii
936 3554 986 3604 410
1005 3548 1133 3611 aesculea]
1152 3546 1211 3599 ahs-

130 3623 181 3673 cisa
199 3621 224 3672 hi
291 3625 341 3674 412
359 3623 436 3674 vertit
448 3651 454 3663 ·
467 3623 649 3706 ⁸55.¹¹¹f¹¹⁰.¹.³iff¹·¹.
659 3622 821 3707 iasrgqirpftt
839 3621 962 3704 lqtrnnrrs
974 3647 980 3660 ·
993 3624 1019 3670 et
1030 3615 1130 3669 interhi
1141 3632 1211 3682 quae

127 3726 234 3789 punctis
251 3728 313 3773 artat
331 3724 481 3789 descriptae
499 3726 593 3775 literae
610 3741 627 3773 o
645 3741 679 3774 m.
694 3727 787 3790 primu
804 3727 880 3785 runt,
903 3737 973 3788 quae
988 3722 1096 3787 puncto}
1113 3735 1208 3784 suppo·

129 3794 187 3842 sitis
203 3794 334 3855 emotae,
352 3794 380 3841 in
399 3808 499 3842 rasura
550 3808 575 3845 r.
588 3806 611 3845 e.
625 3793 650 3844 in
665 3802 763 3844 motum
775 3790 832 3858 figit
845 3791 861 3842 1.
874 3805 897 3843 e.
910 3791 960 3846 ir
1013 3803 1038 3841 r.
1054 3788 1080 3839 in
1098 3787 1208 3839 inmeriti

130 3859 388 3910 tarentinensem
440 3863 491 3913 tta
511 3860 623 3916 fernme

181 3950 258 3997 ovio,
274 3951 363 3995 ueram.
976 3942 1015 3993 rt
