2692 4230
128 111 168 173 84
599 118 752 174 blE‘lhllll.
1071 136 1203 178 rmrseus

127 288 171 352 sic
193 308 296 354 omues
317 293 431 355 animas
451 291 536 353 locus
557 288 666 369 accipit
687 288 746 359 ille,
768 307 824 353 uec
844 290 898 353 ulli

128 375 252 455 exiguus
273 378 385 459 populo
408 385 462 449 est,
484 370 637 435 turbamve
658 372 798 435 accedere
819 377 918 438 sentit.

127 471 226 524 errant
248 480 411 544 exsangues
431 460 497 520 siue
518 473 646 537 corpore
667 465 698 519 et
720 456 836 521 ossibus
858 460 990 536 umbrae,

127 565 255 627 parsque
277 548 374 610 lorum
396 542 556 615 celebrant,
578 560 647 622 pars
667 540 721 602 imi
743 549 819 602 tecta
840 545 968 625 tyranni,

128 649 196 712 pars
217 631 329 712 aliquas
350 637 436 701 artes,
457 627 596 706 autiquae
617 624 777 689 imitamina
799 625 882 690 riae.

128 715 254 778 sustinet
275 715 318 778 ire
339 714 412 775 illue
432 710 549 772 caelesti
572 712 641 774 sede
662 710 763 775 relicta

128 804 253 879 (tantum
277 799 352 860 odiis
373 797 493 876 iraeque
514 795 612 874 dabat)
635 794 773 860 Saturnia
794 793 879 856 luno.

128 903 188 967 quo
210 884 297 945 simul
319 879 437 944 intravit
458 899 602 963 sacroque
622 902 639 945 a
661 898 786 962 corpore
809 897 943 960 pressum

128 969 272 1050 ingemuit
293 967 394 1039 limen,
415 965 470 1026 tria
492 965 638 1031 Cerberus
658 965 762 1030 extulit
783 982 835 1026 ora

128 1064 158 1116 et
178 1062 238 1116 tres
260 1051 380 1113 latratus
401 1049 490 1112 simul
511 1051 611 1115 edidit
655 1052 703 1115 illa
725 1067 843 1114 sorores

129 1147 216 1201 nocte
236 1145 321 1196 vocat
341 1135 464 1215 genitas,
485 1155 573 1217 grave
595 1147 625 1202 et
646 1135 822 1219 inplacabile
844 1151 965 1199 numen.

127 1219 253 1284 carceris
275 1229 343 1281 ante
365 1220 443 1283 loros
464 1221 578 1285 clausas
599 1223 752 1285 adamante
772 1219 915 1283 sedebant

128 1305 224 1386 deque
245 1304 307 1366 suis
327 1314 407 1368 atros
427 1307 585 1388 pectebant
606 1307 738 1370 crinibus
759 1323 880 1386 angues.

128 1407 216 1471 mam
238 1389 325 1451 simul
346 1401 496 1471 agnorunt
516 1392 596 1454 iuter
616 1391 751 1472 caliginis
771 1391 900 1466 umbras,

127 1493 280 1537 surrexere
302 1477 383 1538 deae.
426 1477 510 1539 sedes
531 1475 671 1538 scelerata
692 1485 825 1538 vocatur:

125 1557 237 1622 viscera
259 1560 418 1641 praebebat
437 1561 540 1640 l'ityos
560 1559 696 1622 lanianda
718 1577 883 1639 novemque

127 1644 278 1725 iugeribus
298 1645 444 1707 distentus
464 1653 538 1717 erat,
561 1644 624 1718 tibi,
646 1643 777 1716 l'antale,
800 1643 898 1704 nullae

126 1729 352 1811 deprenduntur
371 1746 474 1807 aquae,
497 1746 631 1808 quaeque
652 1727 795 1799 imminet,
817 1726 921 1806 elingit
941 1726 1040 1802 arbor,

127 1823 178 1876 aut
199 1813 274 1894 petis
295 1824 347 1874 aut
368 1830 477 1892 urgues
499 1815 656 1887 ruiturum,
680 1812 815 1893 Sisyphe,
842 1829 955 1887 saxum,

127 1897 252 1959 rolritur
272 1897 356 1959 lxion
379 1909 407 1957 et
429 1915 461 1958 se
482 1899 674 1978 sequiturque
695 1898 838 1978 fugitque,

127 1981 284 2062 molirique
306 1982 368 2043 suis
390 1981 481 2043 letum
504 1982 686 2063 patruelibus
707 2001 795 2044 ausae

127 2065 265 2128 adsiduae
285 2074 422 2147 repetunt
445 2085 519 2147 quas
540 2068 665 2148 perdant
687 2067 801 2128 ualidos
822 2067 925 2128 undas.

127 2169 203 2233 quos
225 2170 327 2213 omnes
349 2152 411 2213 acie
434 2163 589 2232 postquam
612 2151 748 2214 Saturnia
771 2161 850 2213 torva

127 2235 198 2297 uidit
220 2244 248 2297 et
269 2245 336 2298 ante
358 2255 462 2297 omnes
483 2237 595 2311 lxiona,
616 2256 719 2299 rursus
740 2236 776 2297 ab
798 2236 849 2297 illo

128 2319 275 2402 Sisyphon
297 2322 464 2402 adspiciens
481 2313 550 2382 ‘our
573 2322 621 2383 hic
643 2341 660 2383 e
681 2311 826 2383 iratribus'
850 2320 949 2400 inquit

123 2398 295 2486 ‘perpetuas
317 2407 427 2486 patitur
448 2423 570 2487 poenas,
592 2407 765 2469 Athamanta
787 2405 949 2487 superbum

127 2489 208 2569 regia
229 2490 307 2552 dives
328 2491 425 2564 babet,
447 2493 498 2572 qui
520 2510 568 2553 me
590 2510 658 2554 cum
681 2492 806 2571 coniuge
827 2507 945 2571 semper

126 2570 267 2656 sprevitl'
290 2585 320 2638 et
341 2575 463 2658 exponit
484 2595 587 2639 causas
609 2576 728 2658 odiique
748 2577 878 2655 uiaeque,

129 2659 258 2740 quidque
279 2660 357 2723 velit.
401 2662 478 2742 quod
502 2662 600 2737 vellet,
623 2671 695 2736 erat,
718 2659 857 2740 noregia
880 2658 981 2720 Cadmi

127 2753 227 2820 staret,
250 2745 330 2807 etin
353 2746 467 2807 lacinus
488 2747 640 2808 traherent
661 2746 835 2808 Athamanta
856 2762 984 2807 sorores.

128 2828 296 2909 imperium,
318 2830 471 2911 promissa,
494 2849 599 2912 preces
619 2831 775 2893 contundit
795 2830 825 2891 in
848 2848 942 2892 uuum

127 2914 322 2996 sollicitatque
344 2916 421 2978 deas.
464 2915 508 2978 sic
530 2916 604 2978 haee
623 2915 738 2978 lunone
759 2915 868 2990 locuta,

197 3168 247 3218 442
265 3096 412 3218 turbauit}t
432 3165 459 3218 ll
494 3162 680 3246 turbamquel
726 3168 789 3218 Post
804 3166 855 3219 445
872 3165 949 3218 codd.
966 3168 1078 3216 recmtt.
1095 3164 1208 3246 quidam

127 3234 193 3285 hese
210 3234 323 3285 babent:
346 3237 478 3298 exercent,
502 3233 579 3286 elram
603 3237 700 3300 partem
721 3249 769 3286 sua
787 3248 870 3302 poena
890 3235 1006 3292 coeroel3
1030 3232 1082 3312 det
1100 3232 1210 3312 Herpay

125 3299 209 3368 piare
226 3301 313 3352 &croc
330 3303 490 3354 uidebantur
506 3301 629 3354 Bentleio
698 3304 783 3355 lilla
809 3301 901 3354 omli
970 3302 1021 3354 450
1044 3302 1209 3351 untremmte

129 3371 177 3422 4⁵1
197 3369 318 3422 semelA
346 3369 421 3422 simul
433 3370 492 3422 edd.
505 3374 567 3422 cett
621 3372 672 3424 454
689 3370 782 3438 deque]
795 3384 904 3438 eumque
922 3366 1106 3422 contulere)
1155 3369 1206 3420 tot

129 3433 248 3573 tyltibzbl
280 3503 377 3556 laniata
394 3501 426 3556 1¹
476 3501 617 3559 4581th
662 3504 799 3558 distractus
815 3504 857 3556 lle
912 3506 962 3559 459
980 3502 1209 3572 deprehenduntur

129 3672 145 3712 c
178 3655 285 3709 arbosa
336 3588 543 3711 lbdlrerdiaerrffi
559 3656 586 3708 bl
620 3657 760 3711 rediturum
778 3657 821 3715 Bc
838 3660 881 3721 (in
897 3654 915 3710 λ
931 3656 973 3710 edi
991 3673 1008 3708 a
1024 3655 1102 3721 md)
1155 3657 1206 3709 463

128 3721 237 3791 perdant
253 3722 292 3775 Βι
338 3724 448 3792 perdunt
465 3724 500 3777 Β*
544 3722 648 3779 Belides
665 3725 691 3778 bl
740 3729 792 3780 tos
809 3725 875 3778 lacis
892 3721 953 3777 lt¹t
1003 3726 1121 3778 suomet
1136 3723 1209 3775 atba-

129 3793 269 3912 pqurtpettp
281 3792 415 3860 cacte'ybl
460 3795 511 3847 lus
529 3794 658 3863 spernite
703 3797 754 3847 sto
772 3792 885 3846 rellatB
933 3795 981 3846 tlt
994 3805 1097 3845 sorores
1108 3790 1209 3858 limas,
