<?xml version="1.0" encoding="UTF-8"?>
<!DOCTYPE html PUBLIC "-//W3C//DTD XHTML 1.0 Transitional//EN"
    "http://www.w3.org/TR/xhtml1/DTD/xhtml1-transitional.dtd">
<html xmlns="http://www.w3.org/1999/xhtml" xml:lang="en" lang="en">
 <head>
  <title>
</title>
<meta http-equiv="Content-Type" content="text/html;charset=utf-8" />
  <meta name='ocr-system' content='tesseract 3.04.00' />
  <meta name='ocr-capabilities' content='ocr_page ocr_carea ocr_par ocr_line ocrx_word'/>
</head>
<body>
  <div class='ocr_page' id='page_1' title='image "./povidinasonisme00korngoog_0275.png"; bbox 0 0 2692 4230; ppageno 0'>
   <div class='ocr_carea' id='block_1_1' title="bbox 108 128 719 218">
    <p class='ocr_par' dir='ltr' id='par_1_1' title="bbox 108 128 719 218">
     <span class='ocr_line' id='line_1_1' title="bbox 108 128 719 218; baseline 0.003 -8"><span class='ocrx_word' id='word_1_1' title='bbox 108 144 170 210; x_wconf 78' lang='lat'><strong>258</strong></span> <span class='ocrx_word' id='word_1_2' title='bbox 404 211 406 218; x_wconf 87' lang='grc'><strong>,</strong></span> <span class='ocrx_word' id='word_1_3' title='bbox 520 208 524 215; x_wconf 87' lang='grc'><strong>,</strong></span> <span class='ocrx_word' id='word_1_4' title='bbox 564 128 719 217; x_wconf 72' lang='lat' dir='ltr'><strong>earnm</strong></span> 
     </span>
    </p>
   </div>
   <div class='ocr_carea' id='block_1_2' title="bbox 95 321 1169 2856">
    <p class='ocr_par' dir='ltr' id='par_1_2' title="bbox 107 321 966 492">
     <span class='ocr_line' id='line_1_2' title="bbox 109 321 966 410; baseline 0.009 -26"><span class='ocrx_word' id='word_1_5' title='bbox 109 321 337 410; x_wconf 78' lang='lat' dir='ltr'><strong>Laomedonque</strong></span> <span class='ocrx_word' id='word_1_6' title='bbox 357 346 448 392; x_wconf 90' lang='lat' dir='ltr'><strong>senex</strong></span> <span class='ocrx_word' id='word_1_7' title='bbox 467 325 662 404; x_wconf 89' lang='lat' dir='ltr'><strong>Priamusque</strong></span> <span class='ocrx_word' id='word_1_8' title='bbox 683 326 839 391; x_wconf 85' lang='lat' dir='ltr'><strong>norissima</strong></span> <span class='ocrx_word' id='word_1_9' title='bbox 860 329 966 392; x_wconf 78' lang='lat' dir='ltr'><strong>Troiae</strong></span> 
     </span>
     <span class='ocr_line' id='line_1_3' title="bbox 107 408 846 492; baseline 0.004 -22"><span class='ocrx_word' id='word_1_10' title='bbox 107 419 238 492; x_wconf 91' lang='lat' dir='ltr'><strong>tempora</strong></span> <span class='ocrx_word' id='word_1_11' title='bbox 260 414 389 476; x_wconf 89' lang='lat' dir='ltr'><strong>sortitus.</strong></span> <span class='ocrx_word' id='word_1_12' title='bbox 432 412 522 472; x_wconf 85' lang='lat' dir='ltr'><strong>frater</strong></span> <span class='ocrx_word' id='word_1_13' title='bbox 542 408 599 470; x_wconf 84' lang='lat' dir='ltr'><strong>luit</strong></span> <span class='ocrx_word' id='word_1_14' title='bbox 619 408 756 472; x_wconf 78' lang='lat' dir='ltr'><strong>Hectoris</strong></span> <span class='ocrx_word' id='word_1_15' title='bbox 776 413 846 476; x_wconf 85' lang='lat' dir='ltr'><strong>iste:</strong></span> 
     </span>
    </p>

    <p class='ocr_par' dir='ltr' id='par_1_3' title="bbox 106 492 890 744">
     <span class='ocr_line' id='line_1_4' title="bbox 107 492 839 576; baseline 0.003 -20"><span class='ocrx_word' id='word_1_16' title='bbox 107 494 157 574; x_wconf 92' lang='lat' dir='ltr'><strong>qui</strong></span> <span class='ocrx_word' id='word_1_17' title='bbox 180 496 236 558; x_wconf 92' lang='lat' dir='ltr'><strong>nisi</strong></span> <span class='ocrx_word' id='word_1_18' title='bbox 258 497 399 561; x_wconf 75' lang='lat' dir='ltr'><strong>sensisset</strong></span> <span class='ocrx_word' id='word_1_19' title='bbox 417 493 512 576; x_wconf 90' lang='lat' dir='ltr'><strong>prima</strong></span> <span class='ocrx_word' id='word_1_20' title='bbox 534 509 609 553; x_wconf 83' lang='lat' dir='ltr'><strong>nova</strong></span> <span class='ocrx_word' id='word_1_21' title='bbox 630 493 689 554; x_wconf 85' lang='lat' dir='ltr'><strong>fata</strong></span> <span class='ocrx_word' id='word_1_22' title='bbox 712 492 839 569; x_wconf 82' lang='lat' dir='ltr'><strong>iuventa,</strong></span> 
     </span>
     <span class='ocr_line' id='line_1_5' title="bbox 106 574 890 660; baseline 0.008 -20"><span class='ocrx_word' id='word_1_23' title='bbox 106 579 227 642; x_wconf 74' lang='lat' dir='ltr'><strong>forsitan</strong></span> <span class='ocrx_word' id='word_1_24' title='bbox 249 581 374 644; x_wconf 89' lang='lat' dir='ltr'><strong>inlerius</strong></span> <span class='ocrx_word' id='word_1_25' title='bbox 395 596 456 640; x_wconf 92' lang='lat' dir='ltr'><strong>non</strong></span> <span class='ocrx_word' id='word_1_26' title='bbox 478 574 606 638; x_wconf 78' lang='lat' dir='ltr'><strong>Hectore</strong></span> <span class='ocrx_word' id='word_1_27' title='bbox 628 594 738 639; x_wconf 90' lang='lat' dir='ltr'><strong>nomen</strong></span> <span class='ocrx_word' id='word_1_28' title='bbox 761 579 890 660; x_wconf 88' lang='lat' dir='ltr'><strong>baberet,</strong></span> 
     </span>
     <span class='ocr_line' id='line_1_6' title="bbox 107 659 820 744; baseline -0.004 -18"><span class='ocrx_word' id='word_1_29' title='bbox 107 665 239 744; x_wconf 86' lang='lat' dir='ltr'><strong>quamvis</strong></span> <span class='ocrx_word' id='word_1_30' title='bbox 262 676 306 727; x_wconf 90' lang='lat' dir='ltr'><strong>est</strong></span> <span class='ocrx_word' id='word_1_31' title='bbox 327 663 409 724; x_wconf 93' lang='lat' dir='ltr'><strong>illum</strong></span> <span class='ocrx_word' id='word_1_32' title='bbox 432 659 531 741; x_wconf 89' lang='lat' dir='ltr'><strong>proles</strong></span> <span class='ocrx_word' id='word_1_33' title='bbox 552 661 638 724; x_wconf 89' lang='lat' dir='ltr'><strong>enixa</strong></span> <span class='ocrx_word' id='word_1_34' title='bbox 660 661 820 742; x_wconf 77' lang='lat' dir='ltr'><strong>Dymantis,</strong></span> 
     </span>
    </p>

    <p class='ocr_par' dir='ltr' id='par_1_4' title="bbox 107 745 844 828">
     <span class='ocr_line' id='line_1_7' title="bbox 107 745 844 828; baseline -0.001 -18"><span class='ocrx_word' id='word_1_35' title='bbox 107 752 238 811; x_wconf 78' lang='lat' dir='ltr'><strong>Aesacon</strong></span> <span class='ocrx_word' id='word_1_36' title='bbox 260 747 398 810; x_wconf 90' lang='lat' dir='ltr'><strong>umbrosa</strong></span> <span class='ocrx_word' id='word_1_37' title='bbox 419 745 521 806; x_wconf 80' lang='lat' dir='ltr'><strong>furtim</strong></span> <span class='ocrx_word' id='word_1_38' title='bbox 544 746 695 828; x_wconf 79' lang='lat' dir='ltr'><strong>peperisse</strong></span> <span class='ocrx_word' id='word_1_39' title='bbox 717 746 771 808; x_wconf 88' lang='lat' dir='ltr'><strong>sub</strong></span> <span class='ocrx_word' id='word_1_40' title='bbox 793 747 844 809; x_wconf 90' lang='lat' dir='ltr'><strong>lda</strong></span> 
     </span>
    </p>

    <p class='ocr_par' dir='ltr' id='par_1_5' title="bbox 106 829 773 904">
     <span class='ocr_line' id='line_1_8' title="bbox 106 829 773 904; baseline -0.004 -9"><span class='ocrx_word' id='word_1_41' title='bbox 106 835 199 895; x_wconf 90' lang='lat' dir='ltr'><strong>lertur</strong></span> <span class='ocrx_word' id='word_1_42' title='bbox 221 830 386 904; x_wconf 78' lang='lat' dir='ltr'><strong>Alexirhot‚</strong></span> <span class='ocrx_word' id='word_1_43' title='bbox 408 829 536 892; x_wconf 87' lang='lat' dir='ltr'><strong>Granico</strong></span> <span class='ocrx_word' id='word_1_44' title='bbox 559 842 626 894; x_wconf 91' lang='lat' dir='ltr'><strong>nata</strong></span> <span class='ocrx_word' id='word_1_45' title='bbox 647 830 773 893; x_wconf 85' lang='lat' dir='ltr'><strong>bicorni.</strong></span> 
     </span>
    </p>

    <p class='ocr_par' dir='ltr' id='par_1_6' title="bbox 105 913 858 1064">
     <span class='ocr_line' id='line_1_9' title="bbox 105 913 858 996; baseline -0.001 -18"><span class='ocrx_word' id='word_1_46' title='bbox 105 918 204 979; x_wconf 89' lang='lat' dir='ltr'><strong>oderat</strong></span> <span class='ocrx_word' id='word_1_47' title='bbox 224 916 274 977; x_wconf 91' lang='lat' dir='ltr'><strong>hic</strong></span> <span class='ocrx_word' id='word_1_48' title='bbox 295 913 385 976; x_wconf 89' lang='lat' dir='ltr'><strong>urbes</strong></span> <span class='ocrx_word' id='word_1_49' title='bbox 406 914 557 996; x_wconf 90' lang='lat' dir='ltr'><strong>nitidaque</strong></span> <span class='ocrx_word' id='word_1_50' title='bbox 579 925 712 978; x_wconf 89' lang='lat' dir='ltr'><strong>remotus</strong></span> <span class='ocrx_word' id='word_1_51' title='bbox 734 915 770 978; x_wconf 94' lang='lat' dir='ltr'><strong>ab</strong></span> <span class='ocrx_word' id='word_1_52' title='bbox 793 914 858 978; x_wconf 90' lang='lat' dir='ltr'><strong>aula</strong></span> 
     </span>
     <span class='ocr_line' id='line_1_10' title="bbox 105 1000 769 1064; baseline -0.002 -2"><span class='ocrx_word' id='word_1_53' title='bbox 105 1011 234 1062; x_wconf 91' lang='lat' dir='ltr'><strong>secretos</strong></span> <span class='ocrx_word' id='word_1_54' title='bbox 255 1008 373 1060; x_wconf 90' lang='lat' dir='ltr'><strong>montes</strong></span> <span class='ocrx_word' id='word_1_55' title='bbox 394 1009 424 1061; x_wconf 93' lang='lat' dir='ltr'><strong>et</strong></span> <span class='ocrx_word' id='word_1_56' title='bbox 444 1000 631 1064; x_wconf 90' lang='lat' dir='ltr'><strong>inambitiosa</strong></span> <span class='ocrx_word' id='word_1_57' title='bbox 653 1000 769 1064; x_wconf 92' lang='lat' dir='ltr'><strong>colebat</strong></span> 
     </span>
    </p>

    <p class='ocr_par' dir='ltr' id='par_1_7' title="bbox 103 1082 824 1157">
     <span class='ocr_line' id='line_1_11' title="bbox 103 1082 824 1157; baseline -0.006 -9"><span class='ocrx_word' id='word_1_58' title='bbox 103 1104 182 1157; x_wconf 83' lang='lat' dir='ltr'><strong>rura,</strong></span> <span class='ocrx_word' id='word_1_59' title='bbox 205 1101 260 1144; x_wconf 92' lang='lat' dir='ltr'><strong>nec</strong></span> <span class='ocrx_word' id='word_1_60' title='bbox 282 1082 386 1146; x_wconf 92' lang='lat' dir='ltr'><strong>Iliacos</strong></span> <span class='ocrx_word' id='word_1_61' title='bbox 408 1094 511 1149; x_wconf 87' lang='lat' dir='ltr'><strong>coetus</strong></span> <span class='ocrx_word' id='word_1_62' title='bbox 534 1086 591 1149; x_wconf 91' lang='lat' dir='ltr'><strong>nisi</strong></span> <span class='ocrx_word' id='word_1_63' title='bbox 613 1106 697 1149; x_wconf 86' lang='lat' dir='ltr'><strong>rarus</strong></span> <span class='ocrx_word' id='word_1_64' title='bbox 718 1085 824 1148; x_wconf 88' lang='lat' dir='ltr'><strong>adibat.</strong></span> 
     </span>
    </p>

    <p class='ocr_par' dir='ltr' id='par_1_8' title="bbox 103 1169 924 1422">
     <span class='ocr_line' id='line_1_12' title="bbox 104 1169 863 1252; baseline 0.001 -24"><span class='ocrx_word' id='word_1_65' title='bbox 104 1187 165 1229; x_wconf 96' lang='lat' dir='ltr'><strong>non</strong></span> <span class='ocrx_word' id='word_1_66' title='bbox 188 1177 302 1246; x_wconf 81' lang='lat' dir='ltr'><strong>agreste</strong></span> <span class='ocrx_word' id='word_1_67' title='bbox 323 1177 420 1231; x_wconf 72' lang='lat' dir='ltr'><strong>umen</strong></span> <span class='ocrx_word' id='word_1_68' title='bbox 443 1189 500 1233; x_wconf 87' lang='lat' dir='ltr'><strong>nec</strong></span> <span class='ocrx_word' id='word_1_69' title='bbox 521 1170 750 1252; x_wconf 74' lang='lat' dir='ltr'><strong>inexpugnabile</strong></span> <span class='ocrx_word' id='word_1_70' title='bbox 772 1169 863 1231; x_wconf 94' lang='lat' dir='ltr'><strong>amori</strong></span> 
     </span>
     <span class='ocr_line' id='line_1_13' title="bbox 104 1253 924 1338; baseline 0.005 -26"><span class='ocrx_word' id='word_1_71' title='bbox 104 1261 208 1334; x_wconf 88' lang='lat' dir='ltr'><strong>pectus</strong></span> <span class='ocrx_word' id='word_1_72' title='bbox 228 1253 340 1315; x_wconf 89' lang='lat' dir='ltr'><strong>habens</strong></span> <span class='ocrx_word' id='word_1_73' title='bbox 362 1254 449 1317; x_wconf 85' lang='lat' dir='ltr'><strong>silvas</strong></span> <span class='ocrx_word' id='word_1_74' title='bbox 469 1266 614 1337; x_wconf 90' lang='lat' dir='ltr'><strong>captatam</strong></span> <span class='ocrx_word' id='word_1_75' title='bbox 636 1275 724 1338; x_wconf 88' lang='lat' dir='ltr'><strong>saepe</strong></span> <span class='ocrx_word' id='word_1_76' title='bbox 746 1274 800 1337; x_wconf 93' lang='lat' dir='ltr'><strong>per</strong></span> <span class='ocrx_word' id='word_1_77' title='bbox 821 1272 924 1316; x_wconf 88' lang='lat' dir='ltr'><strong>omnes</strong></span> 
     </span>
     <span class='ocr_line' id='line_1_14' title="bbox 103 1336 796 1422; baseline 0.007 -26"><span class='ocrx_word' id='word_1_78' title='bbox 103 1336 227 1417; x_wconf 87' lang='lat' dir='ltr'><strong>adspicit</strong></span> <span class='ocrx_word' id='word_1_79' title='bbox 248 1336 410 1421; x_wconf 88' lang='lat' dir='ltr'><strong>Hesperien</strong></span> <span class='ocrx_word' id='word_1_80' title='bbox 430 1339 525 1421; x_wconf 87' lang='lat' dir='ltr'><strong>patria</strong></span> <span class='ocrx_word' id='word_1_81' title='bbox 547 1339 711 1403; x_wconf 85' lang='lat' dir='ltr'><strong>Cebrenida</strong></span> <span class='ocrx_word' id='word_1_82' title='bbox 732 1340 796 1422; x_wconf 92' lang='lat' dir='ltr'><strong>ripa</strong></span> 
     </span>
    </p>

    <p class='ocr_par' dir='ltr' id='par_1_9' title="bbox 102 1420 778 1506">
     <span class='ocr_line' id='line_1_15' title="bbox 102 1420 778 1506; baseline 0.007 -26"><span class='ocrx_word' id='word_1_83' title='bbox 102 1420 228 1482; x_wconf 89' lang='lat' dir='ltr'><strong>iniectos</strong></span> <span class='ocrx_word' id='word_1_84' title='bbox 248 1424 359 1487; x_wconf 87' lang='lat' dir='ltr'><strong>umeris</strong></span> <span class='ocrx_word' id='word_1_85' title='bbox 380 1425 538 1487; x_wconf 83' lang='lat' dir='ltr'><strong>siccantem</strong></span> <span class='ocrx_word' id='word_1_86' title='bbox 561 1424 625 1486; x_wconf 83' lang='lat' dir='ltr'><strong>sole</strong></span> <span class='ocrx_word' id='word_1_87' title='bbox 646 1425 778 1506; x_wconf 80' lang='lat' dir='ltr'><strong>capillos</strong></span> 
     </span>
    </p>

    <p class='ocr_par' dir='ltr' id='par_1_10' title="bbox 102 1505 840 1590">
     <span class='ocr_line' id='line_1_16' title="bbox 102 1505 840 1590; baseline 0.009 -25"><span class='ocrx_word' id='word_1_88' title='bbox 102 1505 162 1567; x_wconf 87' lang='lat' dir='ltr'><strong>risa</strong></span> <span class='ocrx_word' id='word_1_89' title='bbox 185 1506 259 1586; x_wconf 88' lang='lat' dir='ltr'><strong>iugit</strong></span> <span class='ocrx_word' id='word_1_90' title='bbox 280 1508 420 1589; x_wconf 81' lang='lat' dir='ltr'><strong>nymphe,</strong></span> <span class='ocrx_word' id='word_1_91' title='bbox 441 1508 532 1571; x_wconf 84' lang='lat' dir='ltr'><strong>veluti</strong></span> <span class='ocrx_word' id='word_1_92' title='bbox 552 1510 707 1590; x_wconf 86' lang='lat' dir='ltr'><strong>perterrita</strong></span> <span class='ocrx_word' id='word_1_93' title='bbox 729 1509 840 1572; x_wconf 88' lang='lat' dir='ltr'><strong>lulvum</strong></span> 
     </span>
    </p>

    <p class='ocr_par' dir='ltr' id='par_1_11' title="bbox 100 1591 933 1924">
     <span class='ocr_line' id='line_1_17' title="bbox 102 1591 835 1673; baseline 0.004 -22"><span class='ocrx_word' id='word_1_94' title='bbox 102 1608 185 1653; x_wconf 80' lang='lat' dir='ltr'><strong>certa</strong></span> <span class='ocrx_word' id='word_1_95' title='bbox 207 1591 311 1673; x_wconf 93' lang='lat' dir='ltr'><strong>lupum</strong></span> <span class='ocrx_word' id='word_1_96' title='bbox 332 1592 456 1671; x_wconf 85' lang='lat' dir='ltr'><strong>longeve</strong></span> <span class='ocrx_word' id='word_1_97' title='bbox 476 1591 544 1654; x_wconf 88' lang='lat' dir='ltr'><strong>lacu</strong></span> <span class='ocrx_word' id='word_1_98' title='bbox 565 1592 709 1672; x_wconf 88' lang='lat' dir='ltr'><strong>deprensa</strong></span> <span class='ocrx_word' id='word_1_99' title='bbox 731 1592 835 1654; x_wconf 92' lang='lat' dir='ltr'><strong>relicto</strong></span> 
     </span>
     <span class='ocr_line' id='line_1_18' title="bbox 100 1674 888 1757; baseline 0 -20"><span class='ocrx_word' id='word_1_100' title='bbox 100 1675 269 1757; x_wconf 84' lang='lat' dir='ltr'><strong>accipitrem</strong></span> <span class='ocrx_word' id='word_1_101' title='bbox 291 1675 414 1738; x_wconf 81' lang='lat' dir='ltr'><strong>fluvialis</strong></span> <span class='ocrx_word' id='word_1_102' title='bbox 437 1693 518 1736; x_wconf 88' lang='lat' dir='ltr'><strong>anas.</strong></span> <span class='ocrx_word' id='word_1_103' title='bbox 561 1692 650 1755; x_wconf 86' lang='lat' dir='ltr'><strong>quam</strong></span> <span class='ocrx_word' id='word_1_104' title='bbox 671 1674 779 1737; x_wconf 80' lang='lat' dir='ltr'><strong>&#39;l&#39;roius</strong></span> <span class='ocrx_word' id='word_1_105' title='bbox 800 1677 888 1737; x_wconf 90' lang='lat' dir='ltr'><strong>heros</strong></span> 
     </span>
     <span class='ocr_line' id='line_1_19' title="bbox 101 1758 933 1842; baseline -0.001 -21"><span class='ocrx_word' id='word_1_106' title='bbox 101 1760 265 1842; x_wconf 88' lang='lat' dir='ltr'><strong>insequitur</strong></span> <span class='ocrx_word' id='word_1_107' title='bbox 287 1759 471 1841; x_wconf 87' lang='lat' dir='ltr'><strong>celeremque</strong></span> <span class='ocrx_word' id='word_1_108' title='bbox 492 1768 573 1822; x_wconf 91' lang='lat' dir='ltr'><strong>metu</strong></span> <span class='ocrx_word' id='word_1_109' title='bbox 595 1758 674 1821; x_wconf 91' lang='lat' dir='ltr'><strong>celer</strong></span> <span class='ocrx_word' id='word_1_110' title='bbox 695 1771 803 1840; x_wconf 89' lang='lat' dir='ltr'><strong>urguet</strong></span> <span class='ocrx_word' id='word_1_111' title='bbox 824 1777 933 1822; x_wconf 87' lang='lat' dir='ltr'><strong>amore.</strong></span> 
     </span>
     <span class='ocr_line' id='line_1_20' title="bbox 101 1844 838 1924; baseline 0.001 -18"><span class='ocrx_word' id='word_1_112' title='bbox 101 1863 169 1906; x_wconf 91' lang='lat' dir='ltr'><strong>ecce</strong></span> <span class='ocrx_word' id='word_1_113' title='bbox 192 1844 285 1904; x_wconf 89' lang='lat' dir='ltr'><strong>latens</strong></span> <span class='ocrx_word' id='word_1_114' title='bbox 306 1844 396 1906; x_wconf 89' lang='lat' dir='ltr'><strong>herba</strong></span> <span class='ocrx_word' id='word_1_115' title='bbox 417 1844 540 1907; x_wconf 90' lang='lat' dir='ltr'><strong>coluber</strong></span> <span class='ocrx_word' id='word_1_116' title='bbox 560 1845 703 1924; x_wconf 85' lang='lat' dir='ltr'><strong>fugientis</strong></span> <span class='ocrx_word' id='word_1_117' title='bbox 723 1846 838 1907; x_wconf 91' lang='lat' dir='ltr'><strong>adunco</strong></span> 
     </span>
    </p>

    <p class='ocr_par' dir='ltr' id='par_1_12' title="bbox 96 1927 978 2516">
     <span class='ocr_line' id='line_1_21' title="bbox 100 1927 933 2011; baseline 0 -21"><span class='ocrx_word' id='word_1_118' title='bbox 100 1929 188 1990; x_wconf 90' lang='lat' dir='ltr'><strong>dente</strong></span> <span class='ocrx_word' id='word_1_119' title='bbox 210 1927 315 2009; x_wconf 91' lang='lat' dir='ltr'><strong>pedem</strong></span> <span class='ocrx_word' id='word_1_120' title='bbox 337 1929 453 1992; x_wconf 90' lang='lat' dir='ltr'><strong>strinxit</strong></span> <span class='ocrx_word' id='word_1_121' title='bbox 474 1930 614 2010; x_wconf 75' lang='lat' dir='ltr'><strong>unusque</strong></span> <span class='ocrx_word' id='word_1_122' title='bbox 634 1929 667 1991; x_wconf 91' lang='lat' dir='ltr'><strong>in</strong></span> <span class='ocrx_word' id='word_1_123' title='bbox 689 1948 815 2011; x_wconf 92' lang='lat' dir='ltr'><strong>corpore</strong></span> <span class='ocrx_word' id='word_1_124' title='bbox 835 1928 933 2010; x_wconf 80' lang='lat' dir='ltr'><strong>liquit</strong></span> 
     </span>
     <span class='ocr_line' id='line_1_22' title="bbox 99 2012 946 2095; baseline 0.001 -22"><span class='ocrx_word' id='word_1_125' title='bbox 99 2031 166 2074; x_wconf 94' lang='lat' dir='ltr'><strong>cum</strong></span> <span class='ocrx_word' id='word_1_126' title='bbox 188 2013 245 2074; x_wconf 87' lang='lat' dir='ltr'><strong>vita</strong></span> <span class='ocrx_word' id='word_1_127' title='bbox 269 2031 426 2095; x_wconf 90' lang='lat' dir='ltr'><strong>suppressa</strong></span> <span class='ocrx_word' id='word_1_128' title='bbox 447 2015 517 2094; x_wconf 85' lang='lat' dir='ltr'><strong>luga</strong></span> <span class='ocrx_word' id='word_1_129' title='bbox 539 2024 594 2076; x_wconf 85' lang='lat' dir='ltr'><strong>est</strong></span> <span class='ocrx_word' id='word_1_130' title='bbox 638 2012 824 2094; x_wconf 87' lang='lat' dir='ltr'><strong>amplectitur</strong></span> <span class='ocrx_word' id='word_1_131' title='bbox 844 2032 946 2075; x_wconf 88' lang='lat' dir='ltr'><strong>amens</strong></span> 
     </span>
     <span class='ocr_line' id='line_1_23' title="bbox 99 2097 946 2180; baseline -0.002 -20"><span class='ocrx_word' id='word_1_132' title='bbox 99 2098 262 2160; x_wconf 90' lang='lat' dir='ltr'><strong>exanimem</strong></span> <span class='ocrx_word' id='word_1_133' title='bbox 285 2098 447 2179; x_wconf 90' lang='lat' dir='ltr'><strong>clamatque</strong></span> <span class='ocrx_word' id='word_1_134' title='bbox 471 2098 584 2180; x_wconf 67' lang='lat' dir='ltr'><strong>„piget</strong></span> <span class='ocrx_word' id='word_1_135' title='bbox 606 2097 688 2180; x_wconf 90' lang='lat' dir='ltr'><strong>piget</strong></span> <span class='ocrx_word' id='word_1_136' title='bbox 710 2116 774 2159; x_wconf 89' lang='lat' dir='ltr'><strong>esse</strong></span> <span class='ocrx_word' id='word_1_137' title='bbox 796 2098 946 2159; x_wconf 78' lang='lat' dir='ltr'><strong>secutum!</strong></span> 
     </span>
     <span class='ocr_line' id='line_1_24' title="bbox 99 2181 973 2264; baseline -0.001 -21"><span class='ocrx_word' id='word_1_138' title='bbox 99 2183 149 2244; x_wconf 91' lang='lat' dir='ltr'><strong>sed</strong></span> <span class='ocrx_word' id='word_1_139' title='bbox 172 2201 233 2244; x_wconf 94' lang='lat' dir='ltr'><strong>non</strong></span> <span class='ocrx_word' id='word_1_140' title='bbox 257 2181 429 2257; x_wconf 74' lang='lat' dir='ltr'><strong>nectimur,</strong></span> <span class='ocrx_word' id='word_1_141' title='bbox 451 2201 549 2264; x_wconf 91' lang='lat' dir='ltr'><strong>neque</strong></span> <span class='ocrx_word' id='word_1_142' title='bbox 572 2191 635 2245; x_wconf 87' lang='lat' dir='ltr'><strong>erat</strong></span> <span class='ocrx_word' id='word_1_143' title='bbox 655 2182 728 2244; x_wconf 89' lang='lat' dir='ltr'><strong>mibi</strong></span> <span class='ocrx_word' id='word_1_144' title='bbox 749 2183 867 2244; x_wconf 85' lang='lat' dir='ltr'><strong>vincere</strong></span> <span class='ocrx_word' id='word_1_145' title='bbox 888 2183 973 2244; x_wconf 91' lang='lat' dir='ltr'><strong>tanti.</strong></span> 
     </span>
     <span class='ocr_line' id='line_1_25' title="bbox 97 2267 978 2347; baseline 0.001 -19"><span class='ocrx_word' id='word_1_146' title='bbox 97 2267 279 2347; x_wconf 89' lang='lat' dir='ltr'><strong>perdidimus</strong></span> <span class='ocrx_word' id='word_1_147' title='bbox 299 2268 435 2347; x_wconf 86' lang='lat' dir='ltr'><strong>miseram</strong></span> <span class='ocrx_word' id='word_1_148' title='bbox 458 2287 514 2330; x_wconf 89' lang='lat' dir='ltr'><strong>nos</strong></span> <span class='ocrx_word' id='word_1_149' title='bbox 535 2277 564 2329; x_wconf 93' lang='lat' dir='ltr'><strong>te</strong></span> <span class='ocrx_word' id='word_1_150' title='bbox 586 2268 663 2329; x_wconf 82' lang='lat' dir='ltr'><strong>duo:</strong></span> <span class='ocrx_word' id='word_1_151' title='bbox 684 2267 792 2329; x_wconf 85' lang='lat' dir='ltr'><strong>rulnus</strong></span> <span class='ocrx_word' id='word_1_152' title='bbox 813 2267 849 2328; x_wconf 87' lang='lat' dir='ltr'><strong>ab</strong></span> <span class='ocrx_word' id='word_1_153' title='bbox 867 2285 978 2346; x_wconf 89' lang='lat' dir='ltr'><strong>angue,</strong></span> 
     </span>
     <span class='ocr_line' id='line_1_26' title="bbox 96 2351 924 2432; baseline -0.001 -19"><span class='ocrx_word' id='word_1_154' title='bbox 96 2370 184 2413; x_wconf 85' lang='lat' dir='ltr'><strong>ame</strong></span> <span class='ocrx_word' id='word_1_155' title='bbox 206 2371 292 2413; x_wconf 87' lang='lat' dir='ltr'><strong>causa</strong></span> <span class='ocrx_word' id='word_1_156' title='bbox 314 2353 379 2414; x_wconf 93' lang='lat' dir='ltr'><strong>data</strong></span> <span class='ocrx_word' id='word_1_157' title='bbox 401 2363 455 2415; x_wconf 84' lang='lat' dir='ltr'><strong>est</strong></span> <span class='ocrx_word' id='word_1_158' title='bbox 499 2371 554 2432; x_wconf 87' lang='lat' dir='ltr'><strong>ego</strong></span> <span class='ocrx_word' id='word_1_159' title='bbox 576 2370 642 2414; x_wconf 90' lang='lat' dir='ltr'><strong>sum</strong></span> <span class='ocrx_word' id='word_1_160' title='bbox 665 2352 834 2414; x_wconf 88' lang='lat' dir='ltr'><strong>sceleratior</strong></span> <span class='ocrx_word' id='word_1_161' title='bbox 854 2351 924 2413; x_wconf 74' lang='lat' dir='ltr'><strong>illoc</strong></span> 
     </span>
     <span class='ocr_line' id='line_1_27' title="bbox 98 2435 846 2516; baseline 0.003 -20"><span class='ocrx_word' id='word_1_162' title='bbox 98 2436 147 2516; x_wconf 92' lang='lat' dir='ltr'><strong>qui</strong></span> <span class='ocrx_word' id='word_1_163' title='bbox 172 2436 222 2497; x_wconf 94' lang='lat' dir='ltr'><strong>tibi</strong></span> <span class='ocrx_word' id='word_1_164' title='bbox 244 2447 340 2498; x_wconf 90' lang='lat' dir='ltr'><strong>morte</strong></span> <span class='ocrx_word' id='word_1_165' title='bbox 363 2456 426 2499; x_wconf 90' lang='lat' dir='ltr'><strong>mea</strong></span> <span class='ocrx_word' id='word_1_166' title='bbox 448 2438 552 2498; x_wconf 91' lang='lat' dir='ltr'><strong>mortis</strong></span> <span class='ocrx_word' id='word_1_167' title='bbox 573 2435 682 2498; x_wconf 87' lang='lat' dir='ltr'><strong>solacia</strong></span> <span class='ocrx_word' id='word_1_168' title='bbox 703 2437 846 2498; x_wconf 84' lang='lat' dir='ltr'><strong>mittam.“</strong></span> 
     </span>
    </p>

    <p class='ocr_par' dir='ltr' id='par_1_13' title="bbox 95 2520 1169 2856">
     <span class='ocr_line' id='line_1_28' title="bbox 95 2520 923 2603; baseline 0 -22"><span class='ocrx_word' id='word_1_169' title='bbox 95 2520 169 2582; x_wconf 86' lang='lat' dir='ltr'><strong>dixit</strong></span> <span class='ocrx_word' id='word_1_170' title='bbox 191 2531 220 2582; x_wconf 92' lang='lat' dir='ltr'><strong>et</strong></span> <span class='ocrx_word' id='word_1_171' title='bbox 241 2541 258 2582; x_wconf 93' lang='lat' dir='ltr'><strong>e</strong></span> <span class='ocrx_word' id='word_1_172' title='bbox 279 2522 413 2603; x_wconf 80' lang='lat' dir='ltr'><strong>scopulo,</strong></span> <span class='ocrx_word' id='word_1_173' title='bbox 436 2541 523 2602; x_wconf 91' lang='lat' dir='ltr'><strong>quem</strong></span> <span class='ocrx_word' id='word_1_174' title='bbox 545 2540 634 2584; x_wconf 90' lang='lat' dir='ltr'><strong>rauca</strong></span> <span class='ocrx_word' id='word_1_175' title='bbox 655 2521 812 2583; x_wconf 86' lang='lat' dir='ltr'><strong>subederat</strong></span> <span class='ocrx_word' id='word_1_176' title='bbox 833 2520 923 2595; x_wconf 84' lang='lat' dir='ltr'><strong>unda,</strong></span> 
     </span>
     <span class='ocr_line' id='line_1_29' title="bbox 96 2605 924 2687; baseline -0.001 -21"><span class='ocrx_word' id='word_1_177' title='bbox 96 2625 127 2666; x_wconf 91' lang='lat' dir='ltr'><strong>se</strong></span> <span class='ocrx_word' id='word_1_178' title='bbox 149 2605 230 2667; x_wconf 87' lang='lat' dir='ltr'><strong>dedit</strong></span> <span class='ocrx_word' id='word_1_179' title='bbox 252 2607 283 2667; x_wconf 94' lang='lat' dir='ltr'><strong>in</strong></span> <span class='ocrx_word' id='word_1_180' title='bbox 306 2618 440 2687; x_wconf 90' lang='lat' dir='ltr'><strong>pontum.</strong></span> <span class='ocrx_word' id='word_1_181' title='bbox 483 2606 593 2687; x_wconf 79' lang='lat' dir='ltr'><strong>&#39;letbps</strong></span> <span class='ocrx_word' id='word_1_182' title='bbox 614 2607 750 2668; x_wconf 88' lang='lat' dir='ltr'><strong>miserata</strong></span> <span class='ocrx_word' id='word_1_183' title='bbox 772 2606 924 2668; x_wconf 88' lang='lat' dir='ltr'><strong>cadentem</strong></span> 
     </span>
     <span class='ocr_line' id='line_1_30' title="bbox 96 2690 1169 2773; baseline -0.003 -22"><span class='ocrx_word' id='word_1_184' title='bbox 96 2690 224 2753; x_wconf 87' lang='lat' dir='ltr'><strong>molliter</strong></span> <span class='ocrx_word' id='word_1_185' title='bbox 246 2692 360 2772; x_wconf 86' lang='lat' dir='ltr'><strong>excepit</strong></span> <span class='ocrx_word' id='word_1_186' title='bbox 385 2702 562 2772; x_wconf 89' lang='lat' dir='ltr'><strong>nantemque</strong></span> <span class='ocrx_word' id='word_1_187' title='bbox 584 2710 639 2773; x_wconf 92' lang='lat' dir='ltr'><strong>per</strong></span> <span class='ocrx_word' id='word_1_188' title='bbox 659 2709 787 2770; x_wconf 89' lang='lat' dir='ltr'><strong>aequora</strong></span> <span class='ocrx_word' id='word_1_189' title='bbox 809 2690 917 2771; x_wconf 88' lang='lat' dir='ltr'><strong>pennis</strong></span> <span class='ocrx_word' id='word_1_190' title='bbox 1125 2697 1169 2748; x_wconf 69' lang='grc' dir='ltr'><strong>τεῦ</strong></span> 
     </span>
     <span class='ocr_line' id='line_1_31' title="bbox 96 2775 847 2856; baseline -0.004 -19"><span class='ocrx_word' id='word_1_191' title='bbox 96 2776 178 2848; x_wconf 83' lang='lat' dir='ltr'><strong>texit,</strong></span> <span class='ocrx_word' id='word_1_192' title='bbox 201 2787 230 2837; x_wconf 92' lang='lat' dir='ltr'><strong>et</strong></span> <span class='ocrx_word' id='word_1_193' title='bbox 250 2785 368 2856; x_wconf 90' lang='lat' dir='ltr'><strong>optatae</strong></span> <span class='ocrx_word' id='word_1_194' title='bbox 390 2795 451 2838; x_wconf 91' lang='lat' dir='ltr'><strong>non</strong></span> <span class='ocrx_word' id='word_1_195' title='bbox 473 2787 518 2838; x_wconf 87' lang='lat' dir='ltr'><strong>est</strong></span> <span class='ocrx_word' id='word_1_196' title='bbox 538 2777 607 2838; x_wconf 86' lang='lat' dir='ltr'><strong>data</strong></span> <span class='ocrx_word' id='word_1_197' title='bbox 628 2775 714 2856; x_wconf 89' lang='lat' dir='ltr'><strong>copia</strong></span> <span class='ocrx_word' id='word_1_198' title='bbox 734 2775 847 2836; x_wconf 88' lang='lat' dir='ltr'><strong>mortis.</strong></span> 
     </span>
    </p>
   </div>
   <div class='ocr_carea' id='block_1_3' title="bbox 165 2955 1167 3029">
    <p class='ocr_par' dir='ltr' id='par_1_14' title="bbox 165 2955 1167 3029">
     <span class='ocr_line' id='line_1_32' title="bbox 165 2955 1167 3029; baseline -0.002 -15"><span class='ocrx_word' id='word_1_199' title='bbox 165 2964 213 3014; x_wconf 75' lang='lat' dir='ltr'><strong>&#39;lbi</strong></span> <span class='ocrx_word' id='word_1_200' title='bbox 226 2955 403 3029; x_wconf 77' lang='lat' dir='ltr'><strong>lqmedourei</strong></span> <span class='ocrx_word' id='word_1_201' title='bbox 448 2959 646 3012; x_wconf 80' lang='lat' dir='ltr'><strong>laomedonrell</strong></span> <span class='ocrx_word' id='word_1_202' title='bbox 692 2958 949 3026; x_wconf 76' lang='lat' dir='ltr'><strong>laomedonqueedd</strong></span> <span class='ocrx_word' id='word_1_203' title='bbox 962 2962 1023 3009; x_wconf 81' lang='lat' dir='ltr'><strong>oete.</strong></span> <span class='ocrx_word' id='word_1_204' title='bbox 1070 2960 1167 3012; x_wconf 72' lang='lat' dir='ltr'><strong>tteto</strong></span> 
     </span>
    </p>
   </div>
   <div class='ocr_carea' id='block_1_4' title="bbox 96 3056 1168 3253">
    <p class='ocr_par' dir='ltr' id='par_1_15' title="bbox 96 3056 1168 3253">
     <span class='ocr_line' id='line_1_33' title="bbox 96 3056 1168 3174; baseline -0.005 -26"><span class='ocrx_word' id='word_1_205' title='bbox 96 3096 220 3149; x_wconf 82' lang='lat' dir='ltr'><strong>delendos</strong></span> <span class='ocrx_word' id='word_1_206' title='bbox 237 3099 344 3174; x_wconf 64' lang='lat' dir='ltr'><strong>oennqtt</strong></span> <span class='ocrx_word' id='word_1_207' title='bbox 357 3094 429 3147; x_wconf 81' lang='lat' dir='ltr'><strong>Pelle</strong></span> <span class='ocrx_word' id='word_1_208' title='bbox 480 3094 589 3174; x_wconf 67' lang='lat'>7⁵⁹.⁰¹¹.⁵</span> <span class='ocrx_word' id='word_1_209' title='bbox 607 3094 656 3146; x_wconf 90' lang='lat' dir='ltr'><strong>nisi</strong></span> <span class='ocrx_word' id='word_1_210' title='bbox 675 3094 794 3147; x_wconf 87' lang='lat' dir='ltr'><strong>cessisset</strong></span> <span class='ocrx_word' id='word_1_211' title='bbox 812 3056 893 3174; x_wconf 64' lang='lat' dir='ltr'><strong>primb</strong></span> <span class='ocrx_word' id='word_1_212' title='bbox 910 3092 936 3145; x_wconf 99' lang='grc' dir='ltr'><strong>Μ</strong></span> <span class='ocrx_word' id='word_1_213' title='bbox 996 3096 1042 3146; x_wconf 83' lang='lat' dir='ltr'><strong>tot</strong></span> <span class='ocrx_word' id='word_1_214' title='bbox 1063 3091 1168 3172; x_wconf 67' lang='lat' dir='ltr'><strong>dumap3</strong></span> 
     </span>
     <span class='ocr_line' id='line_1_34' title="bbox 96 3158 1167 3253; baseline -0.006 -37"><span class='ocrx_word' id='word_1_215' title='bbox 96 3161 163 3253; x_wconf 55' lang='lat' dir='ltr'><strong>fiss</strong></span> <span class='ocrx_word' id='word_1_216' title='bbox 218 3167 267 3217; x_wconf 78' lang='lat' dir='ltr'><strong>tet</strong></span> <span class='ocrx_word' id='word_1_217' title='bbox 286 3163 409 3215; x_wconf 81' lang='lat' dir='ltr'><strong>alrurboe</strong></span> <span class='ocrx_word' id='word_1_218' title='bbox 425 3160 452 3214; x_wconf 92' lang='grc' dir='ltr'><strong>Μ</strong></span> <span class='ocrx_word' id='word_1_219' title='bbox 509 3158 700 3215; x_wconf 74' lang='lat' dir='ltr'><strong>altxhucltoei</strong></span> <span class='ocrx_word' id='word_1_220' title='bbox 752 3162 840 3228; x_wconf 76' lang='lat' dir='ltr'><strong>gracili</strong></span> <span class='ocrx_word' id='word_1_221' title='bbox 858 3160 1028 3230; x_wconf 70' lang='lat' dir='ltr'><strong>cognitane</strong></span> <span class='ocrx_word' id='word_1_222' title='bbox 1078 3158 1167 3226; x_wconf 78' lang='lat' dir='ltr'><strong>gracili</strong></span> 
     </span>
    </p>
   </div>
   <div class='ocr_carea' id='block_1_5' title="bbox 95 3265 1166 3353">
    <p class='ocr_par' dir='ltr' id='par_1_16' title="bbox 95 3265 1166 3353">
     <span class='ocr_line' id='line_1_35' title="bbox 95 3265 1166 3353; baseline -0.007 -1"><span class='ocrx_word' id='word_1_223' title='bbox 95 3265 186 3353; x_wconf 58' lang='lat' dir='ltr'><strong>obnata</strong></span> <span class='ocrx_word' id='word_1_224' title='bbox 203 3297 228 3350; x_wconf 93' lang='grc' dir='ltr'><strong>Μ</strong></span> <span class='ocrx_word' id='word_1_225' title='bbox 296 3297 405 3349; x_wconf 84' lang='lat' dir='ltr'><strong>Granico</strong></span> <span class='ocrx_word' id='word_1_226' title='bbox 428 3303 487 3348; x_wconf 85' lang='lat' dir='ltr'><strong>nata</strong></span> <span class='ocrx_word' id='word_1_227' title='bbox 510 3313 558 3350; x_wconf 74' lang='grc' dir='ltr'><strong>σπι.</strong></span> <span class='ocrx_word' id='word_1_228' title='bbox 581 3298 688 3348; x_wconf 80' lang='lat' dir='ltr'><strong>Pierius</strong></span> <span class='ocrx_word' id='word_1_229' title='bbox 710 3296 872 3348; x_wconf 75' lang='lat' dir='ltr'><strong>Valerianus</strong></span> <span class='ocrx_word' id='word_1_230' title='bbox 940 3299 990 3350; x_wconf 82' lang='lat' dir='ltr'><strong>tet</strong></span> <span class='ocrx_word' id='word_1_231' title='bbox 1013 3294 1119 3347; x_wconf 85' lang='lat' dir='ltr'><strong>adbibat</strong></span> <span class='ocrx_word' id='word_1_232' title='bbox 1140 3292 1166 3345; x_wconf 93' lang='grc' dir='ltr'><strong>Μ</strong></span> 
     </span>
    </p>
   </div>
   <div class='ocr_carea' id='block_1_6' title="bbox 93 3361 1166 3499">
    <p class='ocr_par' dir='ltr' id='par_1_17' title="bbox 93 3361 1166 3499">
     <span class='ocr_line' id='line_1_36' title="bbox 95 3361 1166 3432; baseline -0.006 -13"><span class='ocrx_word' id='word_1_233' title='bbox 95 3362 214 3419; x_wconf 71' lang='lat' dir='ltr'><strong>abibat).</strong></span> <span class='ocrx_word' id='word_1_234' title='bbox 271 3368 320 3418; x_wconf 73' lang='lat'><strong>769</strong></span> <span class='ocrx_word' id='word_1_235' title='bbox 339 3364 439 3432; x_wconf 82' lang='lat' dir='ltr'><strong>aspexit</strong></span> <span class='ocrx_word' id='word_1_236' title='bbox 456 3364 542 3431; x_wconf 83' lang='lat' dir='ltr'><strong>perien</strong></span> <span class='ocrx_word' id='word_1_237' title='bbox 560 3363 585 3416; x_wconf 90' lang='grc' dir='ltr'><strong>Μ</strong></span> <span class='ocrx_word' id='word_1_238' title='bbox 638 3361 782 3432; x_wconf 65' lang='lat' dir='ltr'><strong>operienti</strong></span> <span class='ocrx_word' id='word_1_239' title='bbox 833 3380 976 3432; x_wconf 72' lang='lat' dir='ltr'><strong>eperpens</strong></span> <span class='ocrx_word' id='word_1_240' title='bbox 1027 3361 1166 3430; x_wconf 83' lang='lat' dir='ltr'><strong>llespericu</strong></span> 
     </span>
     <span class='ocr_line' id='line_1_37' title="bbox 93 3429 1165 3499; baseline -0.004 -13"><span class='ocrx_word' id='word_1_241' title='bbox 93 3435 260 3499; x_wconf 81' lang='lat' dir='ltr'><strong>Lactantius,</strong></span> <span class='ocrx_word' id='word_1_242' title='bbox 278 3433 454 3499; x_wconf 75' lang='lat' dir='ltr'><strong>edprt&#39;necpa</strong></span> <span class='ocrx_word' id='word_1_243' title='bbox 504 3431 686 3484; x_wconf 74' lang='lat' dir='ltr'><strong>crebreuidab</strong></span> <span class='ocrx_word' id='word_1_244' title='bbox 739 3435 787 3485; x_wconf 75' lang='lat' dir='ltr'><strong>iit)</strong></span> <span class='ocrx_word' id='word_1_245' title='bbox 805 3429 1063 3484; x_wconf 81' lang='lat' dir='ltr'><strong>intectos-sotatt</strong></span> <span class='ocrx_word' id='word_1_246' title='bbox 1116 3433 1165 3482; x_wconf 78' lang='lat' dir='ltr'><strong>ttt</strong></span> 
     </span>
    </p>
   </div>
   <div class='ocr_carea' id='block_1_7' title="bbox 93 3503 1165 3603">
    <p class='ocr_par' dir='ltr' id='par_1_18' title="bbox 93 3503 1165 3603">
     <span class='ocr_line' id='line_1_38' title="bbox 93 3503 1165 3603; baseline -0.006 -16"><span class='ocrx_word' id='word_1_247' title='bbox 93 3535 220 3603; x_wconf 86' lang='lat' dir='ltr'><strong>longeque</strong></span> <span class='ocrx_word' id='word_1_248' title='bbox 238 3534 314 3586; x_wconf 84' lang='lat' dir='ltr'><strong>codd.</strong></span> <span class='ocrx_word' id='word_1_249' title='bbox 374 3533 485 3601; x_wconf 83' lang='lat' dir='ltr'><strong>longere</strong></span> <span class='ocrx_word' id='word_1_250' title='bbox 501 3533 614 3600; x_wconf 75' lang='lat' dir='ltr'><strong>Bentley</strong></span> <span class='ocrx_word' id='word_1_251' title='bbox 674 3536 724 3586; x_wconf 72' lang='grc' dir='ltr'><strong>ΤΗ</strong></span> <span class='ocrx_word' id='word_1_252' title='bbox 742 3535 842 3599; x_wconf 87' lang='lat' dir='ltr'><strong>urguet]</strong></span> <span class='ocrx_word' id='word_1_253' title='bbox 860 3539 937 3599; x_wconf 88' lang='lat' dir='ltr'><strong>auget</strong></span> <span class='ocrx_word' id='word_1_254' title='bbox 953 3530 979 3583; x_wconf 97' lang='grc' dir='ltr'><strong>Μ</strong></span> <span class='ocrx_word' id='word_1_255' title='bbox 1036 3503 1130 3583; x_wconf 68' lang='lat' dir='ltr'><strong>smoii&#39;</strong></span> <span class='ocrx_word' id='word_1_256' title='bbox 1139 3527 1165 3580; x_wconf 89' lang='grc' dir='ltr'><strong>Μ</strong></span> 
     </span>
    </p>
   </div>
   <div class='ocr_carea' id='block_1_8' title="bbox 92 3616 1164 3957">
    <p class='ocr_par' dir='ltr' id='par_1_19' title="bbox 92 3616 1164 3957">
     <span class='ocr_line' id='line_1_39' title="bbox 93 3616 1164 3807; baseline -0.005 -66"><span class='ocrx_word' id='word_1_257' title='bbox 93 3691 143 3782; x_wconf 66' lang='lat' dir='ltr'><strong>ild</strong></span> <span class='ocrx_word' id='word_1_258' title='bbox 160 3703 210 3807; x_wconf 84' lang='lat' dir='ltr'><strong>qpe</strong></span> <span class='ocrx_word' id='word_1_259' title='bbox 229 3702 278 3738; x_wconf 82' lang='lat' dir='ltr'><strong>om.</strong></span> <span class='ocrx_word' id='word_1_260' title='bbox 297 3683 313 3738; x_wconf 76' lang='grc' dir='ltr'><strong><em>λ</em></strong></span> <span class='ocrx_word' id='word_1_261' title='bbox 337 3759 343 3770; x_wconf 90' lang='lat'><strong>.</strong></span> <span class='ocrx_word' id='word_1_262' title='bbox 369 3689 417 3806; x_wconf 71' lang='lat' dir='ltr'><strong>icil</strong></span> <span class='ocrx_word' id='word_1_263' title='bbox 437 3689 534 3755; x_wconf 73' lang='lat' dir='ltr'><strong>coppe]</strong></span> <span class='ocrx_word' id='word_1_264' title='bbox 552 3701 701 3773; x_wconf 77' lang='lat' dir='ltr'><strong>supremae</strong></span> <span class='ocrx_word' id='word_1_265' title='bbox 731 3616 932 3806; x_wconf 40' lang='lat' dir='ltr'><strong>{1¹:325}le</strong></span> <span class='ocrx_word' id='word_1_266' title='bbox 950 3683 1164 3802; x_wconf 52' lang='lat' dir='ltr'><strong>ilsslpigeteese</strong></span> 
     </span>
     <span class='ocr_line' id='line_1_40' title="bbox 92 3758 1164 3890; baseline -0.005 -15"><span class='ocrx_word' id='word_1_267' title='bbox 92 3771 218 3877; x_wconf 50' lang='lat' dir='ltr'><strong>frigeant</strong></span> <span class='ocrx_word' id='word_1_268' title='bbox 236 3758 301 3873; x_wconf 62' lang='lat' dir='ltr'><strong>blm</strong></span> <span class='ocrx_word' id='word_1_269' title='bbox 318 3772 369 3890; x_wconf 55' lang='lat' dir='ltr'><strong>pue.</strong></span> <span class='ocrx_word' id='word_1_270' title='bbox 386 3770 497 3876; x_wconf 53' lang='lat' dir='ltr'><strong>mpep</strong></span> <span class='ocrx_word' id='word_1_271' title='bbox 514 3773 528 3806; x_wconf 49' lang='grc' dir='ltr'><em>ε</em></span> <span class='ocrx_word' id='word_1_272' title='bbox 549 3758 752 3876; x_wconf 53' lang='lat' dir='ltr'><strong>iblsgegidittd</strong></span> <span class='ocrx_word' id='word_1_273' title='bbox 765 3769 789 3805; x_wconf 58' lang='grc' dir='ltr'><strong>ιο</strong></span> <span class='ocrx_word' id='word_1_274' title='bbox 802 3837 831 3873; x_wconf 88' lang='lat' dir='ltr'><strong>se</strong></span> <span class='ocrx_word' id='word_1_275' title='bbox 848 3775 919 3873; x_wconf 78' lang='lat' dir='ltr'><strong>detlit</strong></span> <span class='ocrx_word' id='word_1_276' title='bbox 937 3767 1034 3870; x_wconf 52' lang='grc' dir='ltr'><em>Ιῗίηεο</em></span> <span class='ocrx_word' id='word_1_277' title='bbox 1076 3766 1164 3871; x_wconf 52' lang='lat' dir='ltr'><strong>‘littura</strong></span> 
     </span>
     <span class='ocr_line' id='line_1_41' title="bbox 92 3883 1113 3957; baseline -0.003 -15"><span class='ocrx_word' id='word_1_278' title='bbox 92 3893 110 3942; x_wconf 70' lang='grc' dir='ltr'><strong>ι’</strong></span> <span class='ocrx_word' id='word_1_279' title='bbox 163 3894 211 3945; x_wconf 76' lang='lat' dir='ltr'><strong>tet</strong></span> <span class='ocrx_word' id='word_1_280' title='bbox 228 3890 328 3944; x_wconf 63' lang='lat' dir='ltr'><strong>molli?</strong></span> <span class='ocrx_word' id='word_1_281' title='bbox 345 3896 372 3944; x_wconf 88' lang='lat' dir='ltr'><strong>et</strong></span> <span class='ocrx_word' id='word_1_282' title='bbox 388 3889 414 3944; x_wconf 85' lang='lat' dir='ltr'><strong>bt</strong></span> <span class='ocrx_word' id='word_1_283' title='bbox 432 3897 469 3957; x_wconf 76' lang='lat' dir='ltr'><strong>tet</strong></span> <span class='ocrx_word' id='word_1_284' title='bbox 488 3890 587 3944; x_wconf 67' lang='lat' dir='ltr'><strong>bacola</strong></span> <span class='ocrx_word' id='word_1_285' title='bbox 603 3890 665 3942; x_wconf 84' lang='lat' dir='ltr'><strong>add.</strong></span> <span class='ocrx_word' id='word_1_286' title='bbox 683 3890 778 3941; x_wconf 83' lang='lat' dir='ltr'><strong>deleuit</strong></span> <span class='ocrx_word' id='word_1_287' title='bbox 794 3906 830 3942; x_wconf 83' lang='lat' dir='ltr'><strong>m.</strong></span> <span class='ocrx_word' id='word_1_288' title='bbox 848 3891 873 3952; x_wconf 83' lang='lat' dir='ltr'><strong>b)</strong></span> <span class='ocrx_word' id='word_1_289' title='bbox 925 3889 975 3941; x_wconf 80' lang='grc'><strong>786</strong></span> <span class='ocrx_word' id='word_1_290' title='bbox 993 3883 1113 3940; x_wconf 81' lang='lat' dir='ltr'><strong>mortibl</strong></span> 
     </span>
    </p>
   </div>
   <div class='ocr_carea' id='block_1_9' title="bbox 0 0 1350 4230">
    <p class='ocr_par' dir='ltr' id='par_1_20' title="bbox 0 0 1350 4230">
     <span class='ocr_line' id='line_1_42' title="bbox 0 0 1350 4230; baseline 0 5"><span class='ocrx_word' id='word_1_291' title='bbox 0 0 1350 4230; x_wconf 95' lang='lat' dir='ltr'><strong> </strong></span> 
     </span>
    </p>
   </div>
  </div>
 </body>
</html>
