2692 4230
128 181 252 221 monuit
269 181 384 222 murmura
456 167 508 232 llll,
527 169 669 223 613-633.
704 168 767 236 lllll,
787 173 876 224 t-ct.

129 341 247 403 moenia
269 341 320 422 qui
343 339 412 401 torti
434 338 561 400 'l'roiana
583 339 638 402 sub
660 340 787 404 Hercule
808 340 887 423 cepit

130 423 276 507 litoraque
298 422 417 486 intravit
437 420 582 502 Pagasaea
604 425 712 489 Colclra
734 426 842 502 carina.

130 512 245 573 Aeacus
265 509 337 571 huie
358 515 442 587 pater
464 517 518 583 est,
540 511 592 591 qui
614 511 679 573 iura
700 510 855 574 silentibus
876 509 936 573 illic

130 595 236 668 reddit,
258 592 310 654 ubi
333 591 474 654 Aeoliden
497 613 600 657 saxum
622 614 708 674 grave
730 596 879 677 Sisyphon
902 603 998 676 urget.

131 682 248 741 Aeacon
271 675 406 756 agnoscit
427 696 561 742 summus
583 680 756 761 prolemque
778 681 885 742 latetur

130 764 264 845 luppiter
285 778 350 822 esse
372 779 472 824 suam:
494 765 538 827 sic
559 783 577 826 a
598 764 665 824 lore
686 764 790 825 tertius
811 765 891 826 Aiax.

132 866 189 910 nec
210 856 307 907 tamen
331 846 403 909 haec
424 849 516 911 series
537 849 568 910 in
592 865 708 910 oausam
731 847 834 928 prosit,
857 849 967 922 Achivi,

130 933 156 994 si
179 930 250 991 mihi
273 948 342 992 cum
364 950 471 1012 magno
495 951 557 994 uon
579 940 625 993 est
646 930 813 993 communis
833 932 975 1013 Achille..

131 1017 221 1076 irater
243 1025 316 1089 erat,
339 1019 465 1079 fraterna
488 1027 567 1098 peto.
612 1016 681 1097 quid
704 1015 848 1096 sanguine
870 1027 967 1079 cretus

130 1099 269 1181 Sisyphio
292 1102 438 1182 furtisque
461 1111 491 1162 et
510 1102 614 1164 fraude
635 1101 799 1164 simillimus
820 1100 862 1162 illi

131 1184 237 1247 inserit
257 1186 392 1248 Aeacidis
413 1185 526 1248 alienae
547 1187 667 1249 nomina
688 1184 808 1268 gentis?

131 1288 170 1332 an
192 1271 272 1351 quod
294 1272 326 1333 in
349 1289 429 1333 arma
450 1272 534 1353 prior
556 1272 696 1352 nulloque
717 1272 773 1334 sub
795 1270 988 1343 induerem,

132 1373 213 1417 arma
235 1357 370 1436 neganda
392 1355 489 1418 mihi?
510 1357 667 1438 potiorque
687 1356 833 1418 videbitur
853 1356 912 1431 ille,

131 1440 234 1502 ultima
257 1441 308 1520 qui
330 1440 410 1521 cepit
431 1440 661 1521 detrectavitque
683 1441 781 1502 lurore

132 1525 265 1587 militiam
288 1526 369 1596 dcto,
391 1525 488 1586 donec
509 1524 657 1587 sollertior
678 1525 745 1596 isto,

132 1611 185 1672 sed
207 1608 262 1670 sibi
285 1609 422 1670 inutilior
443 1609 538 1671 timidi
561 1620 725 1672 commenta
748 1608 852 1671 retexit

131 1692 310 1774 Naupliades
331 1693 422 1755 animi
443 1695 590 1777 vitataque
612 1695 697 1757 traxit
718 1695 753 1756 ad
776 1690 878 1757 arma?

132 1778 245 1859 optima
267 1797 340 1839 num
362 1788 469 1855 sumat,
493 1783 561 1861 quia
584 1799 700 1842 sumere
723 1779 818 1841 noluit
838 1777 915 1840 ullaz

133 1880 190 1924 nos
211 1863 382 1925 inhonorati
405 1873 434 1926 et
455 1865 543 1928 donis
564 1864 745 1946 patruelibus
767 1863 843 1937 orbi,

132 1947 296 2010 obtulimus
319 1950 387 2029 quia
409 1968 466 2012 nos
486 1950 523 2012 ad
545 1951 638 2030 prima
660 1948 800 2030 pericula,
822 1944 936 2009 simus?

130 2042 221 2114 atque
243 2034 356 2094 utinam
380 2044 431 2095 aut
450 2053 539 2096 verus
561 2035 644 2095 luror
665 2034 724 2109 ille,
746 2043 797 2095 aut
818 2032 947 2094 creditus
968 2040 1053 2104 esset,

134 2136 189 2180 uec
211 2136 311 2178 comes
333 2119 382 2179 hio
404 2118 545 2198 Phrygias
566 2137 705 2198 umquam
727 2118 853 2180 uenisset
875 2115 910 2177 ad
931 2133 1012 2177 arces

133 2202 266 2263 hortator
287 2201 448 2263 scelerum!
473 2222 535 2265 non
557 2213 596 2276 te,
619 2203 756 2266 Poeantia
779 2201 888 2283 proles,

133 2287 300 2367 expositum
322 2287 452 2349 Lemnos
475 2300 576 2350 nostro
599 2307 666 2351 cum
689 2288 812 2350 crimine
833 2285 973 2348 baberetl

134 2372 185 2451 qui
209 2390 300 2445 nunc,
323 2384 356 2433 ut
378 2383 554 2448 memorant,
577 2373 760 2435 siluestribus
782 2371 897 2434 abditus
918 2369 1009 2431 antris

132 2474 201 2517 saxa
223 2474 322 2516 moves
344 2458 455 2535 gemitu
477 2457 703 2536 Laertiadaeque
725 2455 854 2538 precaris

133 2558 209 2621 quae
231 2541 354 2614 meruit;
379 2561 465 2621 quae,
486 2543 511 2604 si
534 2543 562 2603 di
585 2550 664 2615 suut,
686 2560 747 2603 non
770 2558 842 2601 vana
865 2537 1001 2620 precaris.

135 2636 163 2687 et
185 2644 268 2687 uunc
290 2625 340 2686 ille
363 2627 463 2687 eadem
487 2627 574 2688 uobis
595 2627 707 2688 iuratus
729 2627 759 2688 in
782 2643 872 2695 arma,

133 2710 208 2771 heul
232 2729 302 2791 pars
324 2710 374 2772 illa
396 2711 516 2781 dueum,
539 2731 597 2791 quo
621 2729 791 2773 successore
812 2709 934 2788 sagittae

135 2794 272 2857 Herculis
293 2804 429 2867 utuntur,
452 2798 563 2858 tractus
584 2796 749 2875 morboque
772 2795 906 2873 lameque

132 2880 304 2959 velaturque
326 2880 473 2961 aliturque
495 2881 596 2943 aribus
616 2881 808 2960 volucresque
830 2878 956 2959 petendo

134 2964 231 3025 debita
253 2963 391 3026 Troianis
414 2977 530 3027 exercet
552 2966 665 3047 spicula
688 2966 762 3027 latis.

134 3049 185 3110 ille
207 3060 306 3110 tamen
329 3051 408 3120 vivit,
431 3051 499 3130 quia
523 3069 584 3112 uon
606 3050 755 3113 comitavit
777 3047 897 3110 Ulixen:

134 3134 234 3196 mallet
257 3145 286 3195 et
311 3135 412 3195 inlelix
435 3135 603 3197 Palamedes
626 3155 689 3197 esse
710 3133 840 3203 relictus,

133 3220 254 3296 [tireret
275 3230 326 3281 aut
350 3231 429 3281 certe
451 3220 541 3281 letum
564 3221 628 3282 sine
650 3220 775 3282 crimine
798 3209 928 3298 haberet]

204 3389 236 3438 33
255 3386 384 3453 coepitii
404 3390 446 3447 (ut
463 3387 521 3447 fere
538 3394 651 3452 seraper)
728 3390 760 3439 25
778 3384 815 3436 Na
834 3388 865 3446 (i.
883 3395 918 3444 r.)
940 3397 1015 3433 eacus
1033 3380 1056 3432 31
1125 3380 1208 3433 siden·

136 3455 240 3506 tibush
310 3457 343 3507 36
361 3458 443 3520 urget]
471 3456 565 3508 latetur
582 3455 607 3506 ‚ll
676 3457 707 3507 li
727 3470 777 3505 om.
796 3452 834 3515 ill,
856 3452 947 3503 addito
964 3455 1041 3514 siguo
1062 3449 1173 3500 lacernae
1191 3468 1207 3500 a

134 3521 215 3585 m.2‚·
231 3525 260 3572 in
278 3538 365 3588 marg.
383 3527 472 3575 orator
489 3540 587 3575 rasura
639 3525 671 3576 33
690 3522 756 3574 ach
808 3524 840 3573 29
859 3534 968 3574 causae
1019 3520 1051 3569 30
1069 3518 1119 3583 est]
1139 3519 1171 3570 sit
1190 3519 1206 3570 lr

136 3592 169 3644 33
187 3590 278 3641 inseris
296 3590 312 3641 h
330 3596 357 3641 et
374 3589 474 3651 (lilerio
493 3597 568 3656 teste)
587 3590 612 3642 ll
675 3595 707 3644 35
726 3590 816 3641 illisa
878 3587 921 3638 ille
943 3587 1027 3636 lleina.
1091 3589 1122 3638 38
1142 3588 1208 3638 etA

135 3656 181 3710 sed
201 3658 289 3708 Helm.
360 3661 392 3711 39
410 3659 451 3722 ad]
471 3660 496 3711 in
516 3661 604 3710 Heius.
659 3662 692 3710 to
711 3673 815 3710 nunes.
834 3656 878 3722 qui
897 3671 917 3708 s.
937 3671 960 3706 u.
980 3653 1054 3704 illae
1107 3670 1172 3706 nunc
1191 3654 1207 3705 Ιι

135 3725 348 3793 soporentur!
401 3731 433 3780 tt
452 3728 659 3795 lertiadaequeA
712 3731 741 3780 ct
764 3724 806 3776 illa
825 3727 935 3787 conieci,
953 3738 1001 3772 una
1020 3722 1122 3772 codices
1175 3725 1207 3774 53

135 3795 291 3859 renaturllfff'lp‘,
309 3794 412 3862 alitusq:
432 3799 463 3855 (ι’.
475 3813 512 3846 r..·
531 3795 579 3863 qt,
597 3795 712 3845 alterum
729 3811 754 3861 q:
772 3810 789 3843 a
806 3808 841 3845 m.
859 3793 1018 3851 recentiore)
1038 3788 1061 3840 ,tt
1115 3792 1147 3841 ot
1165 3789 1207 3841 de·

136 3859 226 3912 dilall
266 3866 311 3980 ¹55
330 3865 500 3920 comitaturs
554 3867 586 3916 56
604 3861 825 3925 malletlrellete
878 3862 909 3910 ct
929 3856 1206 3923 om..ll,uteprtrirtm

135 3931 234 3981 adiecit
251 3930 353 3981 derle!
