2692 4230
104 118 165 178 102
559 123 712 177 uruntur.
1075 145 1171 209 sescus

102 304 131 357 at
152 313 215 358 non
238 293 354 359 Oliaros
375 296 573 376 Didymaeque
594 302 623 354 et
645 292 743 354 Tenos
764 305 794 359 et
814 298 931 362 Andros

102 389 131 441 et
152 379 264 462 Gyaros
287 381 454 460 nitidaeque
475 378 554 438 ferar
576 375 757 456 Peparethos
778 380 869 447 olivae
1125 393 1170 444 tro

101 462 261 529 Cnosiacas
283 467 382 528 iuvere
403 471 489 525 rates.
534 459 622 522 latere
643 459 713 522 iude
734 461 856 529 sinistro

101 548 266 633 Oenopiam
288 550 385 612 hlinos
408 545 492 626 petit,
515 545 666 607 Aeacideia
691 562 792 624 regna.

101 633 265 717 Oenopiam
288 642 400 695 veteres
422 627 615 710 appellavere,
637 629 688 693 sed
710 630 775 711 ipse

100 721 215 783 Aeacus
237 718 379 798 Aeginam
402 714 560 792 genetricis
581 715 702 777 nomine
723 714 805 777 dixit.

98 804 184 866 turha
205 803 266 865 ruit
287 808 444 879 tantaeque
464 798 557 860 virum
580 817 759 881 cognoscere
781 800 875 864 iamne

98 888 217 970 expetit.
261 892 425 946 occurrunt
445 881 487 945 illi
509 884 719 965 Telamonque,
742 884 897 966 minorque

98 990 187 1053 mam
209 968 349 1031 Telamon
372 966 487 1043 Peleus,
510 977 539 1031 et
559 971 658 1052 proles
678 969 763 1033 tertia
783 969 909 1033 Phocus.

97 1057 162 1137 ipse
184 1071 304 1134 quoquc
325 1052 475 1132 egreditur
496 1054 595 1118 tardus
617 1055 757 1136 gravitmc
778 1054 863 1117 senili

96 1142 222 1213 Aeacus,
244 1147 283 1213 et,
306 1156 381 1218 quae
402 1137 441 1200 sit
461 1139 597 1202 veniendi
619 1159 715 1217 causa,
738 1140 870 1222 requirit.

96 1222 267 1285 admonitus
289 1223 378 1304 patrii
400 1223 497 1286 luctus
518 1225 646 1306 suspirat
667 1234 695 1288 et
717 1225 760 1287 illi

96 1307 172 1369 dicta
195 1307 286 1369 relert
306 1316 404 1370 rector
424 1309 603 1391 populorum
623 1310 691 1372 talia
714 1319 849 1373 centum:

94 1385 188 1454 ‘arma
210 1392 293 1455 iures
314 1411 366 1455 oro
389 1411 445 1475 pro
467 1403 554 1473 gnato
577 1403 694 1475 sumpta
715 1395 841 1476 piaeque

97 1495 165 1557 pars
186 1477 227 1539 sis
249 1477 386 1541 militiae:
409 1477 522 1540 tumulo
546 1478 652 1540 solacia
674 1475 784 1559 posco?

95 1562 166 1625 huic
186 1562 349 1645 Asopiades
367 1555 457 1642 ‘petis
478 1553 574 1623 inrita'
599 1562 670 1622 dixit
687 1557 731 1622 ‘et
752 1562 817 1623 urhi

95 1664 157 1709 non
180 1646 312 1709 iacienda
333 1663 431 1720 meae3
456 1645 653 1725 nequeenim
676 1645 864 1707 coniunctior
884 1645 943 1709 ulla

96 1731 267 1813 Cecropidis
288 1732 344 1792 hac
366 1736 411 1790 est
433 1729 536 1791 tellus:
560 1747 593 1791 ea
615 1730 733 1791 loedera
755 1723 858 1792 nohis?

91 1816 182 1878 tristis
204 1814 265 1876 ahit
282 1807 429 1876 ‘stabunt‘
453 1833 512 1894 que
529 1808 597 1876 ‘tihi
618 1825 668 1876 tua
689 1815 807 1877 foedera
830 1809 950 1896 magno'

94 1900 181 1974 dixit3
205 1910 235 1960 et
255 1897 357 1960 utilius
379 1897 490 1960 bellum
512 1906 595 1980 putat
617 1918 681 1961 esse
701 1899 818 1975 minari,

93 2001 180 2064 quam
203 2000 307 2063 gerere
328 1990 417 2062 atque
438 2002 507 2046 suas
529 1984 568 2045 ihi
591 2002 837 2065 praeconsumere
856 1985 941 2046 vires.

95 2068 196 2130 classis
217 2068 253 2131 ah
276 2067 421 2150 Oenopiis
443 2069 602 2131 etiamnum
625 2069 724 2149 Lyctia
746 2070 840 2131 muris

92 2154 218 2235 spectari
242 2163 366 2234 poterat,
389 2172 456 2215 cum
479 2154 568 2236 pleno
591 2154 705 2216 concita
727 2153 790 2215 velo

93 2238 189 2300 Attica
211 2238 322 2320 puppis
343 2238 424 2300 adest
445 2238 476 2299 iu
499 2249 662 2320 portusque
684 2239 774 2300 intrat
796 2239 915 2313 amicos,

95 2341 169 2403 quae
192 2322 353 2404 Cephalum
375 2323 545 2404 patriaeque
567 2323 654 2384 simul
677 2324 810 2387 mandata
836 2324 958 2386 lerehat.

91 2407 236 2469 Aeacidae
257 2406 347 2487 longo
370 2407 491 2470 iuvenes
512 2418 579 2489 post
600 2416 733 2489 tempore
753 2409 846 2471 visum

91 2510 238 2572 agnovere
260 2502 358 2553 tamen
381 2491 541 2574 Cephalum
564 2493 738 2573 dextrasque
759 2494 866 2556 dedere

91 2577 183 2658 inque
204 2577 296 2659 patris
317 2576 427 2639 duxere
448 2578 576 2639 domum.
621 2578 788 2657 spectabilis
809 2580 896 2641 heros

92 2672 121 2724 et
141 2661 247 2724 veteris
269 2661 402 2724 retinens
423 2663 583 2724 etiamnum
606 2662 727 2744 pignera
750 2664 862 2725 lormae

90 2747 265 2827 ingreditur,
287 2764 461 2826 ramumque
483 2756 588 2809 tenens
609 2748 761 2829 popularis
784 2748 874 2810 olivae

89 2850 105 2894 a
127 2832 227 2894 dextra
249 2831 387 2911 laevaque
409 2832 484 2893 duos
506 2842 600 2894 aetate
621 2833 750 2895 minores

90 2916 185 2978 maior
206 2915 305 2991 hahet,
328 2915 432 2996 Clyton
456 2924 483 2978 et
505 2917 610 2991 Buten,
632 2917 764 2980 Pallante
791 2927 912 2980 creatos.
1116 2929 1159 2980 500

88 3009 247 3083 postquam
270 3018 448 3080 congressus
468 3002 556 3084 primi
578 3021 630 3064 sua
653 3003 739 3065 rerba
761 3003 902 3077 tulerunt,

156 3169 206 3222 469
229 3171 256 3219 ot
279 3182 347 3220 nono
364 3167 453 3236 lyaeus
470 3168 595 3238 drdemqq:
617 3170 641 3221 o
659 3185 736 3223 senus
754 3173 780 3222 et
797 3169 891 3223 andrus
907 3167 950 3220 M¹
1001 3173 1044 3236 (m.
1062 3169 1080 3222 2
1096 3186 1159 3222 cou-

87 3238 219 3288 iunoet'to
246 3239 272 3286 et
296 3235 306 3286 l
334 3239 360 3286 et
386 3241 426 3287 ter
451 3241 565 3289 mutauit
591 3254 621 3290 us
645 3240 674 3288 in
698 3242 738 3302 os)
765 3253 842 3292 senos
867 3256 882 3294 r
926 3235 1011 3290 Tenos
1035 3238 1075 3289 ed.
1096 3238 1158 3292 ΑΜ.

85 3306 137 3356 4ῖο
160 3303 245 3369 giarus
269 3301 314 3354 hl¹
366 3310 503 3372 peparetns
526 3305 572 3357 ll¹
624 3312 799 3373 paparetose
866 3307 955 3358 4723
980 3302 1158 3385 anopiaml

86 3373 137 3425 400
155 3372 486 3438 eogn.oeagnoscereu¹
539 3372 878 3440 lidexcipit'lllp(ar.ur)lll
930 3374 1055 3440 excipite
1106 3376 1157 3427 490

104 3437 293 3491 atrio-luctu
305 3456 341 3491 ere
352 3440 427 3507 patrii
438 3440 523 3494 luctus
534 3440 574 3493 Μ’
624 3445 674 3495 486
691 3445 730 3494 sie
748 3461 774 3503 ες
793 3442 862 3494 Cecr.
875 3440 925 3510 qud
941 3446 981 3494 est
998 3441 1061 3494 haec
1079 3441 1157 3494 tellus

119 3505 171 3572 ,C.
189 3506 238 3559 hac
256 3505 455 3561 tellus-sonti
506 3512 625 3564 400490
645 3510 721 3562 etiam
739 3526 806 3563 nunc
823 3511 844 3561 A
864 3512 922 3573 (llll
939 3525 971 3561 nc
987 3526 1023 3561 ec
1040 3525 1064 3561 nr
1081 3526 1117 3563 m.
1130 3511 1156 3575 1)

83 3659 135 3712 492
154 3663 180 3710 et
197 3664 287 3726 portus
306 3677 321 3715 r
372 3662 422 3714 495
441 3660 595 3715 dederunte
645 3664 695 3716 496
708 3662 784 3714 etiarn
801 3661 913 3716 retinens
926 3677 993 3715 nunc
1006 3591 1157 3716 ieliiime

84 3727 136 3779 499
154 3741 169 3778 a
187 3727 227 3779 ed.
241 3729 332 3794 princ.
379 3727 438 3780 etA
490 3733 540 3783 400
559 3730 627 3794 hah]
646 3730 719 3783 abest
736 3729 762 3782 Μ
808 3729 933 3798 pallallrte
950 3728 976 3782 hl
1028 3734 1076 3785 sot
1097 3747 1158 3785 con-

83 3793 200 3915 gressi'lplp
215 3795 264 3861 (er.
282 3794 357 3860 is)M
426 3799 590 3865 congressis
656 3800 680 3863 (ε
693 3814 737 3866 pr.
756 3815 780 3850 o.
799 3799 856 3851 leet.
874 3801 1035 3865 congressus)
1105 3800 1156 3868 pri-

82 3877 153 3915 rnum
