2692 4230
89 125 153 189 200
551 133 706 190 ΜΕΤΑΜΜ.
890 153 1034 192 amaran.
1061 154 1163 204 orror:

92 311 184 386 utque
205 325 290 370 meos
310 307 393 370 audit
413 305 552 386 gemitus,
574 302 734 364 subsedit
726 323 757 365 ru
779 306 828 370 illa

90 399 158 453 ante
181 392 259 455 iores
280 411 330 455 ara
352 393 514 469 dextroque
534 404 551 448 u
574 385 687 467 poplite
708 387 821 452 laevum

90 493 192 555 pressa
213 495 293 557 genu
316 484 346 538 et
367 473 466 554 digitis
487 471 566 532 inter
587 489 620 532 se
640 471 758 552 pectine
778 474 886 540 iunctis
1116 485 1162 538 ιιι)

90 560 231 624 sustinuit
252 569 363 643 partus
406 555 495 617 tacita
516 572 637 636 quoque
658 555 787 619 carmina
807 577 880 623 voce

89 644 170 720 dixit,
193 653 223 706 et
242 645 381 723 inceptos
403 649 563 701 tenuerunt
584 641 713 702 carmina
735 651 844 721 partus.

91 729 172 792 nitor
193 738 222 791 et
242 727 359 820 ingrato
380 723 456 784 facio
478 724 612 788 conuicia
637 725 758 788 demens

89 831 162 875 rana
184 812 244 874 lori
267 807 417 889 cupioque
438 809 518 871 mori
536 819 711 890 moturaque
733 809 823 871 duros

89 897 176 959 rerba
199 911 309 975 queror
329 891 437 954 silices.
481 904 590 957 matres
611 893 781 957 Cadmeides
802 894 907 958 adsunt

89 991 213 1061 votaque
234 977 402 1074 suscipiunt
422 979 674 1062 exhortanturque
695 978 851 1041 dolentem.

89 1083 148 1126 una
169 1061 383 1138 ministrarum,
404 1063 499 1125 media
521 1065 559 1127 de
581 1065 678 1146 plebe,
701 1062 860 1136 Galanthis,

90 1149 162 1210 Dara
183 1164 293 1221 comas,
316 1147 426 1220 aderat,
446 1147 591 1209 iaciendis
612 1160 731 1212 strenua
752 1149 848 1221 iussis,

90 1230 196 1293 clflciis
217 1231 323 1293 dilecta
345 1231 416 1291 suis.
461 1248 495 1291 ea
516 1233 610 1293 sensit
631 1234 730 1314 iniqua

90 1315 189 1378 nescio
212 1315 283 1395 quid
304 1315 420 1377 lunone
442 1314 521 1393 geri.
544 1315 674 1401 dumque
695 1318 756 1379 exit
776 1326 805 1380 et
826 1317 915 1379 intrat

89 1418 177 1481 saepe
198 1399 287 1473 iores,
308 1399 404 1461 diram
426 1391 606 1462 residentem
628 1401 728 1460 ridit
720 1421 751 1462 ιιι
774 1420 823 1464 ιιι

88 1484 316 1565 bracchiaque
307 1504 339 1547 ιι
361 1483 489 1565 genibus
509 1484 609 1564 digitis
631 1502 742 1546 conexa
764 1493 913 1549 tenentem

89 1579 119 1631 et
141 1587 367 1650 „quaecumque
388 1571 451 1646 es“,
473 1569 512 1630 ait
536 1568 693 1646 „dominae
715 1578 846 1648 gratare.
869 1570 962 1634 lerata
984 1581 1028 1634 est

88 1654 206 1734 Argolis
226 1653 367 1716 Alcmene
389 1654 561 1734 potiturque
583 1672 728 1736 puerpera
750 1656 847 1714 voto.“

50 1793 54 1801 .
89 1738 189 1801 exiluit
210 1738 386 1817 iunctasque
406 1755 513 1800 manns
534 1739 683 1820 pavefacta
704 1737 816 1801 remisit

15 4178 76 4194 Α

88 1823 153 1884 diva
174 1833 280 1903 potens
302 1820 396 1883 uteri:
417 1822 523 1884 vinclis
545 1823 626 1885 levor
647 1824 710 1904 ipsa
732 1823 870 1885 remissis.

89 1906 211 1968 numine
232 1908 357 1987 decepto
380 1906 480 1968 risisse
501 1905 675 1969 Galanthida
697 1908 771 1968 lama
793 1915 846 1968 eet

87 1991 231 2053 ridentem
254 2008 452 2072 prensamque
474 1990 548 2071 ipsis
569 1993 624 2052 dea
645 2009 728 2053 saera
749 1990 863 2071 capillis

87 2076 175 2137 traxit
196 2084 224 2137 ιι
246 2094 263 2136 e
284 2084 363 2137 terra
386 2093 497 2157 corpus
518 2075 649 2137 relevare
669 2074 815 2137 volentem

88 2161 183 2222 arcuit
204 2160 295 2240 inque
316 2159 408 2241 pedes
428 2160 551 2221 mutarit
572 2160 708 2222 bracchia
730 2161 851 2241 primos.

88 2244 247 2308 strenuitas
267 2245 389 2324 antiqua
409 2253 520 2318 manet,
548 2263 604 2306 nec
626 2252 706 2324 terga
729 2243 858 2305 colorem

88 2331 211 2392 amisere
233 2347 336 2391 suum·
360 2330 453 2390 iorma
476 2338 521 2390 est
542 2328 655 2391 diversa
677 2328 779 2410 priori

89 2433 163 2495 quae
186 2413 254 2511 quia
276 2414 411 2475 mendaci
434 2413 598 2494 parientem
620 2415 731 2476 iuverat
752 2416 814 2487 ore,

90 2517 142 2561 ore
164 2499 255 2581 parit,
279 2509 455 2579 nostrasque
477 2499 591 2573 domos,
614 2508 646 2560 ut
668 2508 697 2560 et
718 2509 796 2572 ante,
817 2488 999 2578 irequeutat’

171 2582 250 2644 Dixit
271 2593 302 2644 et
322 2582 475 2645 admonitu
497 2583 605 2645 veteris
626 2593 771 2644 commota
794 2582 943 2644 ministrae

87 2667 241 2747 ingemuit
285 2685 373 2748 quam
395 2668 439 2730 sic
462 2686 556 2729 nurus
578 2679 624 2729 est
645 2668 739 2729 adlata
760 2668 924 2730 dolentem:

84 2745 128 2815 ‘te
150 2761 258 2825 tamen,
281 2769 299 2813 o
322 2753 468 2831 genetrix,
490 2752 603 2814 alienae
625 2752 769 2848 sanguine
793 2760 893 2813 nostro

88 2847 170 2918 rapta
192 2845 291 2898 movet
312 2836 413 2898 iacies
457 2837 575 2917 quidsi
598 2835 653 2897 tibi
676 2837 748 2898 mira
770 2836 881 2898 sororis

87 2921 145 2983 iata
166 2939 249 2982 meae
270 2917 420 2982 referam?
463 2938 642 3000 quamquam
663 2920 858 3001 lacrimaeque
881 2920 1022 3001 dolorque

87 3005 254 3086 impediunt
274 3004 496 3085 prohibentque
518 3006 611 3085 loqui.
656 3005 710 3066 luit
731 3005 818 3068 unica
840 3006 923 3067 matri

88 3092 148 3167 (me
170 3099 253 3171 pater
274 3089 388 3151 exalia
409 3089 522 3169 genuit)
549 3091 701 3152 notissima
723 3091 815 3152 lomna

87 3172 279 3236 Oechalidum
302 3171 429 3255 Dryope.
473 3193 562 3254 quam
585 3174 749 3253 virginitate
771 3184 916 3235 carentem

87 3259 205 3340 vimque
227 3258 273 3320 dei
295 3276 413 3338 passam
434 3258 567 3340 Delphos
588 3258 750 3339 Delumque
772 3258 900 3320 tenentis

155 3409 204 3460 299
222 3421 237 3458 a
254 3408 411 3459 hermanus
462 3408 540 3462 estG
593 3423 639 3460 ιι
690 3410 740 3460 300
761 3413 786 3459 ιι
804 3423 855 3458 om.
873 3403 1057 3459 thisamenus
1108 3409 1157 3459 305

85 3472 223 3611 ιιιιιᾙὲιωι
273 3539 401 3611 loquori
461 3545 511 3594 309
531 3540 606 3593 eald
658 3544 708 3596 313
726 3539 841 3594 ιιιιιι
895 3537 1159 3609 318ριιιιιιιιιιιιι

86 3662 136 3714 319
154 3664 180 3712 cl
197 3657 277 3713 om
328 3667 354 3713 et
371 3666 469 3778 ιιιυιιιι
488 3627 618 3728 corposhl
671 3664 721 3714 322
739 3658 863 3727 priorelll
915 3663 965 3715 326
979 3658 1159 3729 loquentem).

86 3729 488 3862 dilalienaasauguineh'lihhl
533 3811 631 3862 asang
642 3793 754 3848 uestrol
800 3744 946 3862 sanguines
992 3729 1157 3851 amleezlallnia

85 3858 103 3914 λ
159 3865 209 3918 333
228 3862 321 3928 tehen
335 3863 431 3933 dellllq:
425 3866 493 3926 (ab
512 3880 528 3916 ο
546 3880 630 3930 usque
647 3864 684 3916 ad
701 3867 810 3926 ιιι..,·ι
823 3869 933 3930 punctis
949 3867 1073 3931 cu‘grtlfieo
1090 3881 1160 3932 quae

80 3934 198 3996 nangeio
209 3936 319 3984 rurant
333 3947 368 3985 m.
386 3936 415 3999 1)
468 3931 577 3985 deloco
630 3927 775 3998 deliumi,
790 3947 886 3998 mergo
903 3931 929 3984 hl
