2692 4230
127 123 259 162 unctiore
577 106 609 175 ll,
626 110 770 166 sto-sto.

129 282 300 364 intemptata
323 277 395 341 mibi
418 276 537 338 iortuna
558 279 778 362 relinquituri“
802 279 898 361 inquit

130 368 292 445 „audentes
314 365 387 425 deus
408 361 473 441 ipse
494 362 602 427 invat.‘.‘
646 368 718 430 dum
739 367 806 430 talia
828 383 926 429 secum

130 452 220 533 exigit
240 451 454 529 Hippomenes,
477 466 567 528 passu
587 451 666 514 volat
686 453 754 515 alite
776 453 868 532 virgo.

130 555 205 618 quae
228 547 405 615 quamquam
428 530 564 613 Scythica
586 554 648 599 non
670 537 761 598 setius
782 537 826 599 ire
847 535 949 616 sagitta

128 621 226 684 Aonio
250 618 308 678 risa
331 624 376 678 est
398 615 508 695 iuveni,
529 629 628 683 tamen
651 619 701 681 ille
722 621 859 683 decorem

130 707 254 768 miratur
276 700 385 779 magis,
408 711 437 764 et
452 722 557 767 cursus
578 705 648 766 lacit
668 704 720 765 ille
739 705 885 767 decorem.

131 807 202 854 aura
224 785 319 866 replet
340 785 451 850 vibrata
473 789 540 851 citis
560 788 660 850 talaria
682 787 801 869 plantis,

130 886 272 951 tergaque
293 871 440 935 iactantur
461 874 560 935 crines
581 891 635 952 per
656 872 795 946 eburnea,
817 891 949 953 quaeque

131 955 295 1039 poplitibus
315 957 458 1019 suberant
480 957 560 1036 picto
583 955 717 1037 genualia
739 956 848 1018 limbo:

129 1043 223 1122 inque
245 1041 368 1122 puellari
391 1059 502 1122 corpus
524 1042 651 1104 candore
672 1041 813 1105 roborem

130 1134 267 1202 unxerat,
289 1126 367 1188 baud
389 1126 485 1201 aliter,
507 1145 596 1207 quam
617 1146 686 1191 cum
707 1146 798 1210 super
819 1126 890 1190 atria
912 1124 1007 1187 velum

129 1211 254 1274 candida
277 1230 461 1292 purpureum
483 1212 634 1275 simulatas
655 1213 750 1275 inlicit
771 1213 898 1274 umbras.

132 1298 201 1360 dum
225 1304 307 1358 notat
327 1298 401 1358 haec
422 1298 542 1377 hospes,
565 1297 687 1359 decursa
709 1297 866 1359 novissima
887 1305 962 1359 meta
985 1304 1030 1357 est

131 1391 161 1444 et
183 1381 292 1460 tegitur
314 1380 386 1442 lesta
407 1381 512 1442 victrix
536 1380 668 1443 Atalanta
691 1398 810 1444 corona.

128 1467 201 1528 dant
224 1464 365 1545 gemitum
388 1464 455 1525 victi
477 1466 672 1546 penduntque
692 1484 728 1527 ex
750 1464 868 1527 loedere
889 1482 1007 1545 poenas.

132 1569 193 1613 non
216 1558 315 1611 tamen
337 1559 444 1609 eventu
466 1548 582 1613 iuvenis
603 1550 759 1613 deterritus
780 1551 885 1612 borum

131 1634 265 1698 constitit
285 1632 317 1693 in
340 1633 448 1708 medio,
470 1635 612 1717 vultuque
633 1636 664 1698 in
686 1635 799 1717 virgine
820 1636 878 1696 lixo

133 1718 223 1799 „quid
246 1717 361 1779 facilem
382 1719 501 1782 titulum
523 1722 691 1803 superando
713 1720 829 1801 quaeris
851 1714 976 1783 inertes'l

131 1821 249 1866 mecum
272 1803 412 1865 conlerl“
435 1804 486 1866 ait.
531 1824 604 1882 „seu
627 1824 675 1867 me
697 1806 815 1868 lortuna
837 1814 987 1887 potentem

131 1888 244 1963 lecerit,
265 1907 283 1950 a
304 1898 388 1949 tanto
411 1907 473 1950 non
496 1889 687 1970 indignabere
708 1890 801 1966 rinoi;

134 1992 260 2054 namque
283 1973 356 2033 mihi
378 1973 497 2052 genitor
517 1975 671 2054 Megareus
694 1973 881 2048 Onchestius,
903 1971 945 2034 illi

132 2071 177 2121 est
198 2059 356 2138 Neptunus
377 2075 459 2132 arus,
481 2067 632 2140 pronepos
653 2077 709 2139 ego
731 2059 809 2138 regis
829 2075 980 2139 aquarum.

133 2162 189 2206 nec
210 2144 304 2205 virtus
325 2141 398 2204 citra
420 2160 516 2221 genus
538 2154 597 2221 ost,
620 2163 674 2207 sen
695 2144 805 2218 vincar,
827 2143 947 2206 babebis

131 2229 321 2309 Hippomene
343 2227 419 2288 victo
441 2247 583 2309 magnum
605 2241 635 2292 et
656 2228 844 2292 memorabile
865 2231 1004 2290 nomen.“

130 2313 200 2375 talia
223 2313 370 2374 dicentem
393 2313 475 2374 molli
498 2313 662 2376 Scbocneta
683 2315 765 2376 vultu

131 2398 257 2479 adspicit
278 2408 308 2459 et
329 2397 455 2473 dubitat,
477 2398 612 2479 superari
634 2418 671 2461 an
694 2399 811 2460 vincere
832 2397 924 2459 malit.

131 2492 220 2563 atque
242 2482 281 2544 ita
305 2483 392 2562 „quis
413 2484 488 2544 deus
508 2485 591 2545 hunc
613 2485 769 2546 formosis“
793 2483 888 2563 inquit
911 2481 1051 2562 „iniquus

133 2567 256 2649 perdere
278 2567 339 2629 vult
360 2585 505 2649 caraeque
527 2568 610 2630 iubet
632 2569 802 2631 discrimine
823 2569 897 2629 ritae

133 2652 304 2731 coniugium
328 2661 428 2732 petere
449 2651 524 2715 hoc?
567 2673 630 2715 non
652 2672 728 2728 som,
750 2672 798 2715 me
819 2653 924 2726 iudice,
948 2653 1029 2715 tanti.

133 2756 190 2799 nec
212 2739 304 2798 torma
328 2747 443 2815 tangor,
464 2740 611 2818 (poteram
634 2748 730 2800 tamen
753 2740 807 2800 bac
829 2755 947 2818 quoque
969 2739 1061 2816 tangi)

133 2823 184 2883 sed
207 2822 286 2902 quod
310 2822 407 2883 adhuc
430 2841 505 2902 puer
528 2832 588 2886 est:
613 2842 674 2886 non
696 2842 744 2885 me
764 2834 861 2884 moret
881 2823 954 2904 ipse,
977 2825 1027 2885 sed
1043 2831 1131 2885 aetas.
1162 2832 1206 2883 615

181 3040 183 3045 ,
202 2973 251 3024 586
270 2972 376 3036 segnius
393 2991 407 3022 r
471 2973 550 3090 perd
563 2973 700 3039 glossator
720 2976 748 3045 irs
765 2969 885 3037 morgi
907 2972 1049 3037 adscripsit
1116 2975 1164 3024 589
1183 2971 1206 3022 x

133 3039 324 3142 ⁰¹¹⁵ifi‘2‘s‘s·
340 3039 425 3158 opp
442 3043 471 3090 '’‘
490 3040 668 3175 19115111
686 3039 812 3163 56ἓοῗὸ
834 3058 857 3156 ‘2
878 3042 1103 3158 6911519
1118 3056 1208 3159 tit

132 3109 342 3226 iteriigii'ioirwl
360 3179 408 3227 591
429 3124 508 3227 reiienrt
524 3176 609 3230 ablata
628 3177 724 3238 (ablata
742 3147 812 3227 rbrr.
830 3124 1034 3237 espobtaia‘llp
1053 3178 1074 3227 Α
1097 3124 1207 3243 preplet

134 3242 232 3294 vibrata
250 3247 353 3293 corriecr'
370 3245 412 3294 cll.
425 3244 441 3293 1
456 3244 554 3310 526rq.
607 3248 656 3297 596
675 3250 794 3311 superant
813 3240 829 3293 λ
880 3242 957 3293 limbo
975 3243 1092 3309 genualia
1108 3244 1175 3311 picto
1194 3262 1207 3295 r

135 3313 184 3364 596
203 3311 277 3362 simul
296 3311 355 3362 edat
373 3319 399 3362 et
418 3311 463 3364 ini.
477 3312 591 3364 umbram
609 3310 625 3363 λ
676 3312 784 3364 similem
796 3311 840 3362 dat
857 3316 883 3362 et
901 3311 946 3364 ini.
961 3311 1074 3363 umbram
1092 3330 1104 3360 ε
1156 3314 1206 3365 598

233 3403 247 3438 a

134 3443 283 3509 athlantel
328 3446 475 3498 athlanter
521 3449 571 3500 599
585 3443 778 3514 pendentqoel
824 3450 873 3500 699
885 3443 1039 3499 iuvenumi
1085 3450 1134 3500 699
1147 3447 1208 3499 victi

130 3522 215 3574 (corr.
227 3531 263 3564 erc
275 3514 355 3577 uicto)
373 3529 458 3580 magni
471 3513 497 3566 Μ
516 3515 624 3576 (literae
641 3531 657 3566 n
675 3517 798 3567 lincolam
814 3515 1000 3581 superaddidit
1014 3532 1108 3565 marrus
1118 3531 1209 3567 recm-

134 3586 201 3647 tr'or)
264 3587 313 3635 609
332 3583 437 3634 toeneio
456 3581 481 3633 Μ
542 3579 665 3636 cencial
724 3596 852 3652 ceneyar
914 3586 963 3636 610
981 3583 1063 3635 mallit
1080 3582 1105 3634 Μ
1158 3584 1207 3636 612

133 3649 343 3702 discriminali·
371 3654 421 3705 613
441 3651 548 3718 perdere
564 3650 590 3703 Μ
648 3654 697 3705 dli
715 3666 798 3704 nono
849 3652 929 3707 hocr
986 3654 1048 3704 nost
1064 3653 1135 3703 douc
1151 3668 1209 3702 orr-

132 3735 192 3768 eum
215 3721 245 3769 in
263 3715 279 3768 λ
297 3720 362 3769 doec
377 3724 468 3838 runtpl
477 3724 578 3839 pppptat
602 3735 659 3772 eum
683 3720 763 3786 virgo.
799 3721 917 3787 vincique
940 3735 973 3771 an
991 3720 1092 3772 sincere
1111 3719 1208 3772 mallet.

498 3803 505 3838 ι

133 3854 170 3914 cs.
188 3871 213 3907 c.
228 3855 281 3907 oto
332 3857 381 3907 615
401 3854 521 3920 sedtlplllpl
534 3855 654 3920 (uidetur
669 3855 753 3917 sorore
770 3854 881 3920 sedetas)
898 3853 923 3906 Μ
