2692 4230
81 93 143 154 126
543 101 695 157 llE'l’Ablbl.
935 117 1008 158 nucu.
1037 118 1152 159 umerus

52 265 58 276 ’
79 271 230 353 accepisse
251 273 354 335 simule
377 275 465 336 vitam
487 271 625 333 dederitis
647 272 676 331 in
699 273 786 334 unda.

80 355 110 417 bi
133 376 253 438 quoque
274 377 325 420 vos
348 366 493 427 moveant,
516 354 567 434 qui
589 365 690 415 nostro
713 355 846 421 bracchia
869 359 993 421 tendunt

79 461 167 523 parva
190 443 297 505 sinu“=
320 453 350 505 et
372 460 441 504 casu
464 437 624 499 tendebant
645 436 779 502 bracchia
802 444 872 505 nati.

79 546 167 607 quem
191 545 252 589 non
275 527 381 589 blanda
404 525 475 586 deae
497 522 665 602 potuissent
685 522 771 585 rerba
793 527 932 591 morere?

78 611 108 672 bi
131 622 229 674 tamen
252 620 384 672 orantem
407 615 543 689 perstant
563 606 721 688 prohibere
744 609 904 693 minasque,

79 697 110 756 ni
131 696 237 778 procul
259 694 404 763 abscedat,
427 691 618 774 conviciaque
637 692 760 772 insuper
780 693 900 760 addunt.

78 799 135 843 nec
155 782 226 842 satis
248 790 300 851 est,
323 778 405 858 ipsos
427 777 514 838 etiam
536 777 718 859 pedibusque
740 795 886 858 manuque

78 866 233 927 turbavere
254 865 335 923 lacus
356 861 477 942 imoque
499 880 516 923 e
536 863 652 944 gurgite
673 861 788 923 mollem

77 950 136 1011 buc
159 948 229 1011 illuc
253 948 355 1007 limum
376 947 453 1007 saltu
474 965 592 1010 morere
612 947 750 1028 maligno.

77 1033 191 1096 distulit
213 1032 254 1092 ira
276 1031 371 1092 sitim:
396 1049 494 1112 neque
516 1033 595 1095 enim
617 1034 673 1094 iam
695 1032 753 1094 lilia
775 1030 844 1093 Coei

77 1116 226 1199 supplicat
248 1115 388 1194 indignis,
411 1135 467 1179 nec
488 1117 587 1181 dicere
607 1118 734 1181 sustinet
756 1116 830 1179 ultra

76 1201 164 1262 rerba
186 1201 301 1260 minora
322 1202 386 1276 dea,
408 1201 576 1284 tollensque
596 1205 633 1266 ad
653 1204 748 1267 sidera
769 1201 880 1285 palmas

78 1293 254 1362 „aeternum
276 1290 400 1366 stagno“
423 1288 496 1350 dixit
517 1289 637 1366 „vivatis
658 1290 690 1350 in
712 1289 798 1350 isto.“

76 1369 217 1432 eveniunt
238 1380 337 1452 optata
360 1373 447 1435 deae:
471 1373 551 1436 iurat
572 1392 637 1436 esse
658 1373 713 1436 sub
735 1375 822 1435 undis

76 1464 106 1517 et
127 1455 216 1516 modo
239 1465 299 1519 tota
323 1476 391 1520 cara
414 1458 604 1540 submergere
625 1459 755 1520 membra
777 1459 892 1540 palude,

78 1558 159 1603 nuno
181 1542 315 1622 prolerre
336 1556 435 1623 caput,
458 1561 574 1604 summo
596 1544 683 1603 modo
705 1545 820 1622 gurgite
843 1563 923 1617 nare,

75 1643 163 1708 saepe
184 1645 275 1708 super
296 1627 391 1706 ripam
412 1627 508 1704 stagni
530 1626 700 1699 consistere,
723 1645 810 1706 saepe

75 1709 106 1772 in
128 1711 241 1791 gelidos
263 1710 377 1772 resilire
398 1709 489 1770 lacus.
533 1710 584 1771 sed
607 1728 688 1771 nunc
709 1728 827 1790 quoque
852 1719 953 1790 turpes

75 1794 177 1857 litibus
199 1804 337 1855 exercent
359 1794 475 1873 linguas
498 1794 643 1876 pulsoque
666 1795 787 1875 pudore,

75 1879 208 1960 quamvis
228 1878 288 1939 sint.
309 1878 473 1960 subaqua,
495 1879 551 1941 sub
573 1898 648 1960 aqua
671 1880 843 1941 maledicere
863 1887 1014 1960 temptant

74 1983 130 2025 rox
153 1981 272 2044 quoque
294 1964 352 2025 iam
375 1982 463 2025 rauca
485 1973 540 2037 est,
562 1965 721 2046 inllataque
742 1963 816 2025 colla
838 1974 1015 2040 tumescunt,

74 2049 197 2131 ipsaque
220 2049 342 2110 dilatant
364 2049 482 2130 patulos
504 2050 636 2111 convicia
656 2050 757 2111 rictus.

73 2144 155 2213 terga
177 2144 267 2214 caput
289 2144 424 2213 tangunt,
448 2134 522 2195 colla
543 2135 705 2216 intercepta
726 2135 869 2206 videntur,

74 2219 160 2299 spina
182 2219 265 2292 viret,
288 2229 399 2292 venter,
423 2238 492 2299 pars
514 2219 635 2281 maxima
658 2221 800 2300 corporis,
822 2219 908 2291 albet,

74 2302 240 2383 limosoque
264 2323 355 2365 norae
377 2304 488 2365 saliunt
510 2304 541 2364 in
564 2303 679 2384 gurgite
701 2308 818 2367 ranae.“

160 2387 210 2450 Sic
231 2387 282 2449 ubi
305 2389 407 2451 nescio
429 2389 496 2469 quis
518 2388 606 2469 Lycia
627 2390 664 2450 de
685 2399 772 2469 gente
793 2390 921 2450 virorum

73 2472 185 2535 rettulit
208 2474 339 2547 exitium,
360 2475 451 2555 satyri
472 2474 671 2537 reminiscitur
691 2474 774 2548 alter,

75 2575 162 2638 quem
185 2558 353 2620 Tritoniaca
375 2558 485 2621 Latous
506 2559 670 2621 harundine
693 2560 799 2620 victum

73 2641 181 2704 adiecit
203 2662 309 2724 poena.
328 2637 412 2724 ‘quid
436 2664 474 2705 ne
496 2645 567 2705 mibi
589 2636 745 2707 detrants‘t‘
770 2643 877 2724 inquit:

70 2719 101 2789 ‘a
123 2726 215 2809 piget,
236 2747 252 2788 a
276 2747 336 2789 non
359 2723 411 2790 est'
435 2728 579 2790 clamabat
595 2723 678 2791 ‘tibia
704 2723 796 2791 tanti.³

73 2812 211 2876 clamanti
234 2813 309 2875 cutis
330 2823 375 2874 est
395 2832 527 2875 summos
548 2814 661 2895 direpta
683 2833 736 2895 per
756 2823 845 2884 artus,

73 2916 130 2960 nec
151 2899 309 2980 quicquam
333 2899 390 2959 nisi
412 2899 519 2961 vulnus
540 2909 617 2974 erat3
640 2918 728 2962 cruor
749 2899 878 2979 undique
899 2905 1006 2970 manat,

73 2983 240 3064 detectique
261 2992 363 3065 patent
385 2985 476 3057 nervi,
499 2985 688 3065 trepidaeque
708 2985 773 3046 sine
797 2983 856 3045 ulla

74 3067 151 3150 pelle
173 3069 285 3131 micant
306 3087 414 3144 renae;
438 3069 569 3132 salientia
591 3070 700 3131 viscera
723 3070 818 3150 possis
1100 3075 1145 3126 336

141 3243 190 3294 ast
209 3240 284 3293 undis
302 3257 315 3290 a
367 3241 416 3290 333
432 3243 495 3304 post
512 3253 573 3290 casu
590 3253 686 3288 rasura
703 3237 721 3289 6
738 3235 779 3287 uel
796 3235 812 3286 7
829 3234 969 3284 literarum
982 3233 1008 3284 in
1020 3230 1046 3283 bl
1093 3232 1142 3283 363

774 3319 788 3355 e

73 3375 252 3444 mannsqnelll
304 3377 353 3428 365
372 3369 575 3426 saltulimumi.
626 3375 675 3426 369
687 3368 854 3424 aeternumll
899 3370 949 3421 370
967 3365 1143 3420 etveniuntll

71 3484 123 3565 att
140 3443 203 3564 ¹s‘eeil
221 3511 278 3563 eod.
299 3512 506 3576 Homburgemr's
570 3512 621 3562 att
638 3507 686 3560 sub
704 3521 770 3574 aqua
787 3507 881 3572 linguis
897 3519 930 3555 m·
948 3500 965 3554 l
1033 3505 1082 3555 377
1101 3503 1142 3553 est

72 3578 162 3632 ΜΒ
208 3578 345 3634 moenem
397 3581 447 3632 383
465 3576 605 3631 reclulitbl
657 3578 707 3630 364
724 3577 808 3629 lateus
824 3576 850 3638 (a
867 3589 903 3625 eu
920 3569 1044 3656 cornill
1091 3571 1142 3623 386

70 3714 172 3769 ricM¹
230 3713 437 3768 atr-ahlvt
497 3714 649 3767 lut-bae
717 3706 925 3792 attestanti
993 3665 1141 3760 summistt

72 3855 122 3908 383
139 3799 189 3908 :gg
206 3851 233 3904 M
284 3854 335 3905 336
353 3850 479 3919 ροεςίεΒ
531 3845 654 3918 posset
705 3780 824 3917 periise
