2692 4230
128 176 406 218 concremacione
575 160 616 228 xl,
634 164 776 216 ttae-756.
1135 162 1198 224 257

130 334 286 417 „quisquis
308 355 348 415 es,
372 343 400 395 et
422 332 506 412 siqua
528 341 573 394 est
593 332 724 396 coniunx
744 331 834 395 tibil“
878 332 1017 394 fluctibus
1038 345 1136 398 actum

129 419 164 481 tit
184 421 308 517 propius
329 435 448 513 corpus.
492 416 572 498 quod
594 437 653 500 quo
675 420 768 501 magis
789 418 839 482 illa
860 426 969 491 tuetur,

129 504 188 567 hoc
209 504 308 566 minus
330 511 357 564 et
379 501 478 563 minus
500 511 545 565 est
564 504 681 566 mentis.
723 505 780 567 iam
803 504 921 585 iamque
941 501 1126 583 propinquae

127 589 279 651 admotum
302 596 406 659 terrae,
428 586 486 648 iam
508 589 586 670 quod
609 607 789 667 cognoscere
810 597 920 670 posset,

130 674 243 735 cernit:
266 682 327 733 erat
348 670 488 733 coniunx.
533 672 603 750 „ille
625 673 705 735 est1“
729 673 870 736 exclamat
891 682 920 736 et
940 690 999 734 una

130 776 192 832 ora,
215 774 324 828 comas,
344 766 455 819 vestem
477 757 587 821 lacerat
609 757 791 837 tendensque
811 766 971 820 uenientes

129 843 165 904 ad
188 840 280 919 Ceyca
302 857 408 903 manus
430 842 504 919 „sic‚
525 860 544 903 o
567 840 715 904 carissime
737 841 878 916 coniunx,

129 928 173 989 sic
194 924 229 985 ad
251 942 309 1000 me,
331 926 507 1000 miserande,
529 921 649 987 redisl“
671 925 721 986 ait
762 925 876 987 adiacet
898 926 984 988 undis

128 1011 204 1071 facta
226 1028 316 1072 manu
338 1011 442 1086 moles,
465 1028 540 1091 quae
563 1010 672 1091 primas
692 1010 829 1090 aequoris
851 1009 908 1072 iras

129 1093 238 1172 frangit
259 1104 289 1157 et
309 1097 446 1158 incursus
468 1113 543 1175 quae
565 1094 760 1176 praedelassat
780 1113 932 1177 aquarum.

128 1177 223 1240 insilit
243 1180 313 1255 buc,
334 1181 502 1261 mirumque
523 1180 580 1244 luit
600 1180 741 1264 potuisse,
762 1179 878 1242 volabat

128 1265 357 1347 percutiensque
379 1265 472 1328 levem
494 1266 582 1328 modo
604 1267 682 1327 natis
702 1276 769 1328 aera
791 1264 899 1346 pennis

129 1348 292 1429 stringebat
313 1368 441 1412 summas
463 1350 524 1412 ales
544 1348 720 1412 miserabilis
741 1349 844 1411 undas.

129 1433 260 1516 dumque
280 1435 366 1510 volat,
387 1446 499 1496 maesto
521 1432 646 1496 similem
668 1432 848 1515 plenumque
870 1432 1018 1514 querellae

87 1558 93 1573 ι
130 1537 181 1581 ora
203 1521 309 1582 dedere
330 1537 437 1581 sonum
459 1520 543 1581 tenui
565 1518 739 1600 crepitantia
760 1527 867 1581 rostro.

129 1613 164 1665 ut
185 1622 253 1665 vero
276 1604 371 1682 tetigit
392 1614 506 1666 mutum
530 1612 559 1666 et
580 1604 644 1667 sine
665 1603 810 1684 sanguine
832 1621 950 1685 corpus,

129 1688 253 1750 dilectos
273 1701 355 1750 artus
375 1688 508 1770 amplexa
529 1689 697 1752 recentibus
717 1689 772 1750 alis

129 1771 234 1852 frigida
257 1772 436 1854 nequiquam
460 1774 534 1836 duro
557 1774 636 1836 dedit
657 1773 757 1835 oscula
779 1781 888 1834 rostro.

129 1857 255 1920 senserit
275 1858 334 1920 hoc
355 1858 443 1939 Ceyx,
464 1877 503 1920 an
525 1857 637 1921 vultum
659 1857 789 1921 motibus
809 1858 905 1919 undae

129 1941 235 2005 tollere
255 1944 294 2005 sit
313 1943 402 2018 risus,
425 1943 555 2025 populus
575 1942 735 2007 dubitabat.
777 1950 809 2004 at
831 1941 880 2004 ille

129 2036 271 2089 senserat.
316 2038 344 2089 et
365 2029 494 2103 tandem,
515 2029 632 2110 superis
652 2027 869 2102 miserantibus,
890 2025 976 2087 ambo

129 2111 198 2172 alite
219 2121 382 2174 mutantur.
427 2114 493 2174 latis
515 2114 661 2175 obnoxius
681 2113 773 2175 isdem

131 2205 203 2257 tunc
226 2215 345 2277 qunque
365 2196 473 2259 mansit
496 2215 588 2273 amor,
611 2216 666 2260 nec
687 2196 852 2276 coniugiale
874 2193 1004 2257 solutum

129 2281 235 2343 foedus
257 2282 287 2343 in
310 2281 437 2344 alitibus.
481 2292 590 2345 coeunt
610 2283 744 2364 fluatque
766 2289 912 2364 parentes,

130 2384 244 2447 perque
266 2367 328 2428 dies
348 2366 481 2448 placidos
501 2368 626 2430 hiberno
648 2379 782 2448 tempore
803 2375 916 2447 septem

131 2451 252 2513 incubat
274 2451 403 2532 Alcyone
425 2451 624 2549 pendentibus
644 2470 772 2534 aequore
794 2449 881 2512 nidis

130 2545 203 2598 tunc
226 2535 300 2598 iacet
320 2536 399 2598 unda
420 2537 524 2598 maris:
546 2547 650 2599 ventos
671 2535 800 2599 custodit
821 2544 850 2598 et
870 2542 950 2595 arcet

131 2620 242 2682 Aeolus
263 2639 383 2700 egressu
406 2631 594 2721 praestatque
617 2621 775 2703 nepotibus
796 2637 917 2702 aequor.

218 2705 279 2767 llos
300 2705 407 2787 aliquis
428 2708 528 2769 senior
549 2707 673 2769 iunctim
697 2707 770 2769 treta
791 2704 849 2766 lata
869 2701 1000 2765 volantes

131 2800 244 2871 spectat
266 2800 295 2852 et
315 2792 351 2851 ad
373 2792 463 2852 finem
485 2802 614 2853 servatos
636 2791 732 2854 laudat
753 2807 877 2852 amores.
1160 2797 1203 2846 750

131 2874 294 2955 proximus,
316 2887 366 2936 aut
388 2877 475 2951 idem,
498 2876 523 2938 si
545 2879 607 2938 lors
627 2877 703 2951 tulit,
727 2877 795 2952 „hic
817 2876 967 2956 quoque“‚
988 2872 1059 2933 dixit

131 2962 1054 3128 attia2³3³ttatttritiattltttttttttltttitttffi

133 3129 233 3207 „regia
256 3130 422 3210 progenies.
468 3132 543 3193 etsi
566 3130 743 3193 descendere
765 3131 801 3192 ad
824 3131 920 3210 ipsum

133 3214 236 3275 ordine
260 3225 403 3295 perpetuo
427 3217 554 3296 quaeris,
576 3228 646 3278 sunt
667 3217 756 3278 huius
778 3215 860 3293 origo
1161 3224 1204 3274 *soi

132 3297 195 3360 llus
218 3309 246 3360 et
268 3302 426 3362 Assaracus
448 3311 608 3382 raptusque
629 3302 690 3362 lori
712 3300 894 3381 Ganymedes

201 3502 250 3552 729
269 3501 389 3552 mantis
377 3517 456 3552 s·uae
468 3502 699 3571 iamqucprcpinq·
712 3501 736 3553 lt
790 3505 838 3555 726
857 3443 938 3553 grant
991 3502 1205 3554 ttuirnslretns.

132 3633 253 3686 undasnl
307 3639 397 3688 tabet
418 3652 468 3687 cm
487 3635 512 3687 Μ
566 3640 645 3690 7439
633 3639 783 3690 ςεειιειιιῦ
834 3585 979 3689 sonscmte
1029 3570 1101 3703 {qu
1156 3642 1205 3691 749

132 3701 269 3764 sitlsch
316 3708 371 3754 ets
423 3708 470 3758 ill
492 3702 643 3772 supomisi
693 3710 741 3758 747
761 3712 821 3758 tunc
840 3711 903 3771 (tum
922 3701 947 3770 l)
965 3720 1006 3756 ιιι
1025 3713 1079 3759 tuta
1098 3706 1206 3763 marias

132 3800 260 3890 rentusi
328 3841 376 3892 749
394 3832 497 3893 iuncta}
490 3840 623 3906 (fuitei)
640 3839 665 3892 bl
726 3841 853 3897 circumc
922 3773 1092 3894 75¹quch
1155 3845 1206 3893 759

133 3912 269 3971 gutturae
321 3907 561 3970 iilossiuitcorr.
574 3908 715 3963 easunttt
769 3908 1022 3963 iddassariacusbb
1074 3902 1231 3969 moabsub

185 3998 222 4042 or
227 3999 266 4046 id.
281 3999 368 4043 dietam
996 3993 1031 4038 X't
