2692 4230
113 131 175 195 300
571 137 730 195 ΙΕΤΑΜΜ.
757 190 759 195 .
923 156 1046 200 emam.
1073 159 1193 198 mesors-

112 328 217 390 magna
239 311 356 393 quidem
379 309 530 392 patrisque
551 306 599 368 sui
613 308 774 388 matrisque
794 313 939 397 voluptas,

113 408 211 459 nostra
233 405 331 460 nmen
353 394 461 457 maior:
484 407 553 451 nam
574 407 624 451 me
645 390 702 452 sibi
724 391 858 462 iunxerat
878 400 941 463 uni.

112 480 235 562 pulcher
256 490 286 544 et
307 477 423 542 octonis
442 474 551 535 iterum
574 473 721 537 natalibus
741 479 816 542 aetia

112 565 241 645 signarat
263 575 378 627 teneras
400 557 484 620 molli
505 556 649 638 lanugine
670 559 770 623 malas

112 650 193 713 hune
215 668 280 730 ego,
302 665 350 708 me
372 641 499 723 Cyclops
520 641 605 706 nulla
626 663 695 706 eum
716 645 776 707 dne
797 648 924 727 petebat.
956 692 962 706 .
1139 659 1185 710 teo

112 754 177 808 nee,
198 734 224 795 si
246 728 416 812 quaesieris,
439 726 540 790 odium
562 728 711 811 Cyclopis,
732 748 854 794 amorne

112 818 209 881 heidis
231 818 261 878 in
285 812 372 875 nobis
393 811 481 874 luerit
503 814 700 894 praesentior,
722 815 822 876 edam:

111 922 166 984 par
185 912 345 980 utrumque
367 897 431 958 luit.
475 915 531 977 pro
554 908 665 979 quanta
688 901 818 981 potentia
839 902 923 979 regni

112 997 165 1062 est,
187 985 286 1045 Venus
308 981 393 1055 alma,
416 980 477 1043 tuil
522 1001 631 1066 nempe
653 983 703 1047 ille
724 984 836 1064 inmitis
858 993 887 1046 et
909 985 981 1067 ipsis

112 1067 277 1133 horrendus
298 1064 378 1128 silvis
399 1075 429 1128 et
449 1066 531 1129 visus
550 1067 588 1130 ab
610 1069 729 1151 hospite
751 1068 832 1131 nullo
1139 1084 1184 1136 tot

111 1156 225 1235 inpune
246 1161 276 1213 et
297 1150 395 1231 magni
419 1169 487 1213 oum
505 1152 556 1214 dis
577 1162 766 1236 contemptor
788 1152 917 1235 Olympi,

111 1237 181 1319 quid
203 1237 241 1299 sit
261 1255 354 1309 amor,
376 1236 467 1298 sentit
487 1236 642 1318 validaque
662 1239 804 1321 eupidine
825 1246 929 1320 eaptus

109 1322 216 1395 uritur,
238 1321 348 1383 oblitus
370 1339 512 1403 pecorum
534 1333 686 1387 antrorum
730 1344 748 1387 e
768 1341 901 1388 suorum.

110 1407 227 1488 iamque
249 1406 301 1468 tibi
325 1408 445 1480 termae,
467 1407 587 1488 iamque
609 1418 655 1471 est
718 1410 728 1470 i
750 1413 822 1472 eura
844 1408 988 1491 plaeendi,

110 1492 168 1554 iam
189 1491 298 1572 rigidos
321 1492 414 1574 pectis
435 1493 548 1566 rastris,
570 1492 761 1574 Polypheme,
784 1494 917 1576 capillos,
1139 1503 1184 1554 teo

109 1577 168 1640 iam
189 1577 261 1639 libet
283 1577 426 1639 hirsutam
449 1576 502 1637 tibi
525 1575 601 1638 laloe
622 1577 754 1639 recidere
775 1578 896 1642 barbam

110 1672 141 1725 et
160 1671 293 1743 spectare
314 1662 394 1722 ieros
414 1659 446 1720 in
468 1677 544 1739 aqua
566 1667 597 1720 et
618 1677 791 1741 oonponere
811 1663 921 1724 vultus.

111 1747 207 1809 oaedis
227 1763 311 1808 amor
332 1743 492 1824 lenitasque
512 1742 639 1824 sitisque
660 1744 795 1808 inmensa
816 1746 933 1809 moeris

56 1876 58 1881 .
110 1839 235 1903 eessant,
257 1840 286 1892 et
306 1837 387 1891 tutae
408 1828 592 1910 veniuntque
613 1828 783 1911 abeuntque
805 1830 932 1893 earinae.

109 1914 247 1977 Telemus
269 1915 380 1977 interea
402 1913 532 1977 Siculam
554 1914 669 1976 delatus
690 1916 726 1977 ad
749 1918 875 1989 Aetnen,
1138 1926 1184 1977 tto

109 1999 247 2062 Telemus
268 1999 451 2078 Eurymides,
474 2016 563 2079 quem
586 1997 669 2062 nulla
691 1999 832 2063 lelellerat
852 2000 923 2073 ales,

110 2085 269 2147 terribilem
291 2081 495 2163 Polyphemon
517 2083 578 2145 adit
600 2082 743 2160 „lumen“
767 2104 836 2166 que,
860 2083 959 2166 „quod
980 2103 1074 2147 unum

110 2170 208 2232 ironte
230 2168 308 2248 geris
330 2168 435 2240 media,
457 2167 554 2249 rapiet
574 2167 650 2230 tihi“
673 2167 747 2230 dixit
769 2169 918 2246 „Ulixes.“

108 2255 175 2317 risit
196 2263 226 2316 et
249 2271 287 2328 „o
309 2262 406 2315 ratum
428 2251 629 2327 stolidissime,
651 2252 792 2328 lalleris“,
815 2254 921 2335 inquit,

111 2338 220 2416 „altera
243 2338 300 2399 iam
321 2336 451 2419 rapuit“.
494 2337 537 2399 sio
560 2337 670 2400 frustra
690 2357 757 2400 vera
778 2347 950 2402 monentem
1139 2349 1183 2400 'tta

108 2424 223 2506 spernit
244 2434 273 2484 et
294 2432 345 2484 aut
365 2421 502 2501 gradiens
523 2421 638 2500 ingenti
659 2421 746 2486 litora
768 2442 857 2505 passu

109 2509 256 2588 degravat,
276 2518 328 2569 aut
349 2507 443 2568 lessus
465 2505 521 2568 sub
543 2525 636 2588 opaea
659 2508 816 2571 revertitur
836 2518 930 2571 antra.

110 2593 958 2759 hhhhhhdt‘tl„,⁰lt:thatttt33;0lth„a.

109 2764 168 2827 huo
190 2763 270 2826 ierus
292 2761 425 2824 aseendit
446 2760 573 2842 Cyclops
594 2762 768 2843 mediusque
788 2762 914 2837 resedit;
1139 2772 1182 2824 180

109 2848 257 2926 lanigerae
279 2847 408 2929 pecudes
431 2846 513 2907 nullo
536 2847 665 2909 ducente
686 2856 813 2909 seeutm.

109 2935 158 2997 eui
179 2944 335 3015 postquam
357 2932 458 3013 pinus,
480 2930 579 2994 baruti
600 2950 678 3012 quae
699 2931 834 3013 praebuit
855 2950 952 3000 usum.

109 3028 177 3080 ante
200 3018 288 3098 pedes
310 3016 403 3097 posita
426 3025 480 3088 est,
503 3017 652 3078 antemnis
674 3025 740 3097 apta
763 3016 903 3090 serendis,

109 3110 285 3183 sumptaque
305 3100 523 3162 harundinibus
544 3111 688 3182 conpacta
711 3111 756 3163 est
777 3101 873 3163 fistula
896 3111 1024 3173 eentum,

176 3271 227 3358 ‘leq
254 3268 304 3320 tuit
328 3285 399 3321 corr.
423 3253 565 3321 seruiat
637 3272 687 3322 'tot
713 3269 830 3322 pinxerat
853 3266 879 3320 hl
948 3271 997 3322 tet
1022 3267 1086 3333 sign.
1112 3272 1183 3318 tene·

109 3336 327 3470 rasmfalrlrloginehl
379 3404 460 3467 molli]
478 3404 590 3460 dubiae
642 3407 691 3458 155
710 3419 751 3456 me
772 3404 859 3456 anah
912 3403 1012 3455 nullos
1063 3350 1181 3455 15631ξο

108 3475 168 3537 (nee
183 3474 216 3523 ab
234 3471 290 3523 alia
341 3475 434 3534 aranu)
451 3471 475 3522 lt
533 3487 639 3525 amorne
658 3488 694 3523 aar
710 3487 796 3525 amore
812 3471 839 3524 bl
897 3475 945 3525 151
965 3471 1122 3539 praesentius
1139 3474 1182 3531 (us

108 3544 178 3603 a'.r.,·
196 3543 322 3605 iam.
335 3538 551 3607 praesuntionis
605 3540 802 3608 praestantiora
853 3541 903 3592 tel
920 3539 1000 3592 sensit
1012 3537 1037 3590 bl
1089 3537 1182 3590 nostri·

109 3611 377 3728 2111111111
396 3605 828 3729 lllllssimhbffiiiilhi’a
864 3611 1025 3728 'itheth
1041 3606 1062 3656 ²⁴
1077 3620 1183 3726 rath

108 3743 238 3812 lophosh
302 3741 423 3795 Telemus
439 3759 489 3794 em.
506 3690 591 3809 fflph.
609 3741 709 3810 Regius
777 3743 880 3797 ethnam
897 3741 923 3795 Μ
986 3741 1094 3794 siculam
1111 3740 1135 3793 d.
1153 3741 1180 3793 in

108 3826 236 3881 aequore
288 3814 335 3864 111
355 3809 449 3863 om.hl
508 3814 559 3866 118
576 3812 603 3864 in
622 3811 727 3878 longum
744 3829 767 3866 e.
786 3809 932 3864 duminebl
985 3813 1034 3864 180
1052 3808 1181 3862 aceedita

100 3879 268 3950 mediosqtp
286 3883 359 3950 estus
375 3877 401 3932 hl
419 3881 462 3943 (ab
480 3879 536 3931 alia
547 3895 632 3932 manaa
650 3883 679 3932 a'rr
691 3895 778 3946 marg.
789 3880 893 3933 adam.-
909 3878 1058 3946 mediusque
1075 3875 1180 3942 resedit)
