2692 4230
131 126 234 164 mnus
545 110 575 176 ll,
593 111 738 164 tot-tte.
1140 106 1201 168 227

134 288 227 366 „par“
250 285 291 346 ait
313 295 378 360 ,est
399 280 563 359 Myrrhae“.
604 300 691 363 quarn
715 290 870 365 postquam
893 279 1036 342 adducere
1058 279 1135 341 iussa
1159 291 1204 342 est

132 378 224 450 utque
245 369 365 431 domum
387 363 484 438 rediit,
507 368 631 446 „gaude
653 370 737 431 mea“
760 367 833 430 dixit
854 364 1008 444 „alumnae

131 454 284 516 vicimus“.
328 447 430 511 infelix
453 467 513 512 non
537 461 599 514 toto
622 463 741 534 pectore
762 451 853 515 sentit

132 538 268 601 laetitiam
291 535 384 612 virgo,
406 552 606 618 praesagaque
627 547 747 618 pectora
768 545 910 611 maerent,

132 623 181 685 sed
206 631 301 684 tamen
326 627 355 678 et
375 621 497 697 gaudet:
521 631 600 684 mota
622 631 666 683 est
687 621 831 683 discordia
852 621 970 683 mentis.

131 717 249 787 tempus
271 710 341 776 erat,
364 721 423 783 quo
446 717 552 768 cuncta
574 705 672 778 silent,
694 704 831 783 interque
851 703 977 768 Triones

132 792 250 854 ilexerat
271 785 393 867 obliquo
415 789 578 872 plaustrum
602 798 719 850 temone
741 786 859 862 Bootes,

131 875 168 936 ad
190 871 305 934 lacinus
327 873 406 936 venit
427 874 475 936 illa
496 892 594 936 suum.
638 872 713 952 fugit
733 889 821 934 aurea
843 872 924 933 caelo

131 960 212 1031 luna,
234 965 339 1038 tegunt
361 959 462 1037 nigrae
483 957 625 1020 latitantia
647 957 740 1019 sidera
763 955 868 1032 nubes,

132 1060 191 1104 nox
214 1053 291 1104 caret
314 1043 384 1122 igne
405 1060 470 1104 suo.
514 1043 628 1124 primus
650 1043 734 1123 tegis,
755 1042 846 1118 lcare,
867 1040 964 1105 vultus

133 1127 322 1209 Erigoneque
343 1127 394 1208 pio
416 1136 527 1190 sacrata
548 1127 681 1209 parentis
701 1146 811 1190 amore.

132 1221 177 1274 ter
197 1213 281 1295 pedis
303 1211 408 1273 oliensi
430 1212 516 1292 signo
539 1222 585 1275 est
604 1222 749 1287 revocata,
771 1223 816 1274 ter
837 1229 923 1273 omen
1023 1213 1028 1224 '

131 1297 273 1359 funereus
295 1296 374 1359 hubo
397 1295 475 1359 letali
498 1296 628 1359 carmine
650 1297 733 1357 iecit:

131 1382 155 1444 it
177 1391 285 1456 umen,
308 1390 338 1443 et
359 1381 498 1444 tenebrae
520 1381 660 1442 minuunt
681 1398 799 1460 noxque
819 1387 880 1440 atra
902 1379 1062 1459 pudorem;

133 1467 315 1547 nutricisque
336 1483 456 1526 manum
477 1463 558 1527 laeva
581 1473 672 1541 tenet,
693 1463 784 1527 altera
805 1471 887 1525 motu

130 1570 252 1614 caecum
274 1551 330 1612 iter
352 1548 493 1630 explorat.
537 1549 657 1613 thalami
678 1549 735 1612 iam
756 1549 857 1611 limina
879 1546 973 1627 tangit

131 1637 249 1715 iamque
271 1634 351 1696 iores
371 1633 476 1716 aperit,
499 1635 557 1697 iam
578 1635 696 1698 ducitur
717 1635 812 1697 intus:
834 1642 865 1695 at
886 1631 928 1694 illi

132 1718 245 1802 poplite
267 1718 407 1781 succiduo
429 1738 525 1798 genua
548 1721 738 1794 intremuere,
760 1719 894 1799 legitque

133 1815 162 1867 et
182 1804 266 1866 color
288 1812 318 1866 et
338 1805 468 1884 sanguis,
489 1805 666 1886 animusque
687 1804 829 1885 relinquit
849 1812 980 1866 euntem.

132 1901 253 1971 quoque
272 1907 327 1951 suo
349 1889 472 1970 propior
493 1888 598 1952 sceleri
620 1898 676 1964 est,
698 1891 791 1969 magis
812 1890 923 1962 horret,
944 1898 974 1951 et
994 1887 1057 1950 ausi

132 1974 271 2056 paenitet,
293 1983 323 2036 et
344 1974 430 2036 vellet
453 1992 513 2037 non
536 1975 654 2054 cognita
676 1993 763 2056 posse
784 1973 900 2036 reverti.

131 2067 320 2122 cunctantem
342 2059 483 2136 longaeva
505 2076 595 2120 manu
617 2059 735 2121 deducit
756 2069 786 2120 et
805 2056 864 2120 alto

131 2145 277 2206 admotam
300 2140 377 2204 lecto
400 2161 467 2205 curn
490 2144 619 2206 traderet
641 2144 793 2226 „accipe“,
815 2141 887 2204 dixit

133 2230 206 2305 „ista
229 2238 278 2289 tua
301 2235 355 2302 est,
378 2227 504 2309 Cinyra“
528 2229 690 2310 devotaque
712 2245 837 2310 corpora
859 2226 962 2289 iunxit.

131 2312 238 2395 accipit
260 2310 390 2374 obsceno
412 2314 530 2392 genitor
553 2334 605 2377 sua
628 2315 739 2376 viscera
760 2313 836 2375 lecto

132 2397 338 2477 virgineosque
360 2408 456 2460 metus
477 2398 552 2461 levat
573 2399 767 2478 hortaturque
788 2397 950 2459 timentem.

131 2483 253 2545 forsitan
276 2483 379 2544 aetatis
401 2502 520 2564 quoque
543 2483 664 2546 nomine
687 2481 785 2560 „nnat
808 2481 889 2556 dixit,
937 2541 939 2544 Α

131 2568 203 2629 dixit
225 2577 254 2628 et
276 2567 324 2629 illa
349 2572 485 2646 „pater“,
507 2568 610 2630 sceleri
633 2586 672 2630 ne
695 2567 813 2630 nomina
835 2566 940 2628 desint.

129 2653 217 2734 plena
240 2650 332 2733 patris
356 2650 490 2714 thalamis
512 2653 627 2715 excedit
649 2663 678 2715 et
700 2651 779 2733 inpia
801 2651 865 2712 diro

130 2738 242 2799 semina
265 2738 320 2798 iert
343 2746 426 2799 utero
449 2749 652 2818 conceptaque
673 2736 796 2799 crimina
817 2744 926 2817 portat.

131 2832 246 2904 postera
270 2839 328 2882 nox
351 2821 465 2883 lacinus
485 2823 624 2901 geminat.
670 2840 725 2884 neo
746 2821 814 2884 ilnis
835 2821 865 2883 in
888 2819 936 2883 illa
959 2828 1019 2881 est:

130 2927 197 2969 cum
222 2907 338 2968 tandem
362 2906 493 2987 Cinyras,
515 2907 617 2969 aridus
639 2924 817 2986 cognoscere
839 2915 984 2968 amantem

131 3001 197 3074 post
219 3001 263 3052 tot
286 2991 473 3065 concubitus,
496 2992 587 3054 inlato
610 2993 721 3054 lumine
743 2991 812 3052 vidit

130 3088 158 3139 et
180 3077 276 3138 scelus
299 3085 327 3136 et
351 3086 446 3137 natam
470 3077 624 3157 verbisque
646 3078 747 3139 dolore
769 3073 889 3137 retentis

130 3161 270 3242 pendenti
294 3160 417 3221 nitidum
440 3163 542 3240 vagina
565 3163 672 3243 deripit
694 3179 804 3224 ensem.
1158 3168 1201 3218 446

131 3247 247 3325 Myrrha
270 3245 342 3322 iugit
368 3246 556 3326 tenebrisque
579 3258 608 3308 et
629 3265 731 3309 caecae
753 3264 875 3307 munere
898 3243 993 3306 noctis

197 3399 246 3447 445
265 3410 312 3446 nec
330 3410 379 3446 non
399 3401 455 3445 etr
512 3399 562 3447 446
582 3394 732 3448 trionembi
789 3397 837 3446 att
858 3399 957 3444 temone
976 3392 1086 3459 plaustra
1110 3392 1201 3443 boetes

129 3463 153 3515 ht
206 3467 256 3516 456
274 3463 386 3529 primos
447 3465 496 3515 453
516 3463 635 3515 iniandus
652 3464 721 3516 bubo
738 3463 847 3514 Servius
863 3462 900 3512 cd
917 3460 997 3525 Verg.
1014 3461 1081 3512 Aen.
1099 3459 1142 3511 IV
1150 3460 1202 3512 4⁶2

128 3536 179 3584 466
197 3537 281 3610 cetum
300 3527 380 3609 iteri
432 3529 578 3610 lilminalbl
632 3535 681 3584 459
708 3527 906 3648 animumqqu
953 3527 1092 3607 'reliquits
1149 3531 1200 3580 460

130 3599 219 3652 seelera
238 3604 277 3649 est
296 3613 431 3665 proprors
485 3614 718 3666 propiorem-mc
735 3614 802 3666 prror
905 3596 1201 3676 coercemcoeausaC

128 3737 178 3788 463
197 3730 344 3786 amotamlll
398 3737 447 3787 464
466 3741 505 3785 est
523 3731 608 3785 omi
658 3737 706 3787 lbi
725 3729 826 3786 dicati
877 3734 927 3786 469
945 3662 1037 3784 tidros
1089 3735 1135 3784 ttt
1157 3747 1202 3798 ge·

128 3867 234 3923 miore
286 3868 419 3920 arraei·
476 3825 655 3922 rarat-rain
711 3867 896 3936 resumptie
950 3936 1006 3986 w
