2692 4230
142 168 249 207 naocnrs
573 154 626 222 Vll,
644 157 788 208 ess-tta.

144 345 201 406 qua
224 329 326 393 tulerit
347 328 497 399 mercede:
522 323 587 387 silet
612 335 764 407 tactusque
789 323 892 388 dolore

142 413 281 494 coniugis
303 415 426 478 amissae
449 409 577 472 lacrimis
599 411 639 474 ita
661 413 739 475 fatur
760 410 892 473 obortis:

138 489 212 562 ‘hoe
232 518 291 575 me,
315 506 382 560 nate
404 496 467 570 dea,
490 496 568 576 (quis
592 499 684 579 possit
705 494 859 574 crederel)
883 496 974 559 telum
1176 507 1220 559 699

142 582 216 646 flere
238 583 308 646 facit
330 581 474 660 facietque
496 581 556 659 diu,
579 584 605 646 si
626 583 723 644 virere
744 581 830 643 nohis

142 668 200 730 fata
222 669 272 729 diu
295 664 438 727 dederint.
483 667 540 729 hoe
562 686 609 730 me
631 685 697 730 oum
721 666 849 745 coniuge
871 684 937 728 cara

141 752 288 833 perdidit:
312 751 369 811 hoe
391 750 503 813 utinam
527 753 685 815 caruissem
708 768 832 811 munere
854 749 987 830 semperl

141 836 260 898 Procris
284 844 355 909 erat,
378 835 402 897 si
425 836 500 899 torte
522 838 615 917 magis
636 834 826 916 pervenitad
848 851 934 896 aures

141 920 274 1000 Orithyia
296 930 370 996 tuas,
393 931 494 1004 raptae
515 940 601 984 soror
623 919 789 1000 Orithyiam

140 1006 164 1066 si
187 1004 293 1066 faciem
316 1023 471 1088 moresque
492 1007 565 1068 velis
588 1006 722 1068 conferre
744 1005 879 1079 duarum,
992 1056 995 1060 .

140 1088 261 1169 dignior
283 1089 347 1172 ipsa
368 1093 442 1173 rapi.
485 1100 570 1173 pater
591 1093 667 1154 hane
687 1091 760 1152 mihi
783 1089 879 1152 iunxit
900 1089 1092 1163 Erechtheus,

139 1175 217 1235 hanc
238 1175 311 1238 mihi
333 1177 429 1240 iunxit
449 1195 541 1239 amor.
586 1176 655 1240 felix
678 1175 797 1240 dicebar
819 1192 967 1254 eramque.

140 1276 201 1320 non
226 1260 265 1322 ita
287 1261 333 1323 dis
354 1261 450 1323 visum
472 1270 526 1337 est,
548 1272 600 1324 aut
622 1279 702 1323 nune
724 1279 844 1342 quoque
865 1259 987 1322 forsitan
1014 1274 1116 1319 essem.

138 1342 212 1407 alter
233 1345 375 1426 agebatur
396 1354 464 1428 post
488 1365 571 1409 saera
593 1345 699 1426 iugalia
721 1346 842 1417 mensis,

139 1447 206 1491 eum
228 1449 277 1493 me
300 1431 463 1510 cornigeris
486 1431 655 1493 tendentem
676 1431 749 1493 retia
764 1429 858 1492 cervis

139 1515 248 1577 vertice
271 1515 307 1576 de
329 1531 446 1577 summo
469 1533 586 1597 semper
608 1515 741 1578 florentis
762 1513 893 1596 Hymetti

137 1597 216 1662 lutea
238 1617 326 1661 mane
349 1599 428 1662 videt
449 1600 543 1681 pulsis
564 1602 678 1663 Aurora
700 1600 831 1663 tenebris

138 1683 323 1764 invitumque
345 1685 434 1767 rapit.
478 1685 565 1748 liceat
585 1686 658 1748 mihi
680 1705 746 1749 vera
764 1687 875 1748 referre

136 1785 210 1849 paee
231 1768 313 1830 deae.
358 1769 437 1851 quod
459 1770 498 1831 sit
519 1789 606 1832 roseo
628 1771 797 1852 spectabilis
819 1788 881 1844 ore,

136 1853 215 1932 quod
238 1862 339 1916 teneat
361 1855 445 1930 lucis,
468 1862 567 1916 teneat
587 1856 716 1917 confinia
738 1855 846 1930 noctis,

136 1939 282 2000 nectareis
305 1940 384 2021 quod
405 1939 500 2002 alatur
521 1940 616 2021 aquis,
639 1958 693 2021 ego
716 1939 903 2003 -Procrin
925 1937 1072 2000 amabam:
1094 2005 1097 2011 ,

135 2032 256 2103 pectore
279 2023 397 2087 Procris
419 2035 491 2099 erat,
514 2025 632 2088 Procris
653 2026 726 2089 mihi
748 2045 865 2108 semper
887 2025 918 2085 in
941 2041 1001 2084 ore.

135 2126 218 2169 saera
242 2109 299 2169 tori
322 2109 476 2191 coitusque
499 2129 591 2172 novos
614 2110 817 2191 thalamosque
838 2116 973 2172 recentes

134 2191 290 2274 primaque
312 2194 419 2256 deserti
442 2196 606 2257 referebam
628 2196 746 2258 foedera
768 2194 845 2257 laeti.

134 2286 214 2340 mota
237 2279 291 2340 dea
314 2287 359 2341 est
381 2289 410 2343 et
429 2271 513 2343 ‘siste
536 2290 611 2356 tuas,
634 2282 758 2362 ingrate,
781 2277 943 2361 querellas:

133 2362 258 2424 Procrin
274 2359 389 2425 >hahel'
413 2365 495 2428 dixit.
529 2359 648 2446 ‘quodsi
670 2385 734 2428 mea
757 2365 876 2448 provida
898 2380 983 2425 mens
1005 2369 1057 2434 est,

135 2465 196 2509 non
219 2447 359 2511 habuisse
379 2443 478 2512 soles.³
524 2469 631 2532 meque
652 2450 702 2513 illa
725 2451 798 2512 irata
821 2448 944 2511 remisit.

132 2532 203 2595 dum
226 2533 316 2595 redeo
339 2552 514 2617 mecumque
531 2536 607 2616 ,deae
628 2544 789 2599 memorata
811 2543 949 2607 retracto,

133 2636 199 2679 essa
220 2626 319 2680 metus
341 2621 448 2702 coepit,
471 2640 509 2682 ne
532 2622 594 2684 iura
616 2621 722 2701 iugalia
745 2620 877 2683 coniunx

133 2721 194 2764 non
218 2703 296 2765 hene
318 2716 470 2768 servasset.
515 2706 605 2768 facies
627 2716 765 2787 aetasque
786 2705 907 2768 iubebat

133 2787 255 2850 eredere
277 2789 470 2865 adulterium:
493 2791 692 2873 prohibebant
707 2792 827 2853 eredere
850 2805 957 2851 mores.

131 2908 338 2920 ———-

200 2994 250 3081 dliii
269 2990 368 3056 dolore]
386 2990 516 3070 pudoref
568 2995 617 3046 689
636 2996 705 3045 sio:
756 2990 890 3045 abortisC
947 2990 994 3041 691
1015 2985 1075 3037 facit
1092 2987 1148 3063 tr:
1166 2981 1206 3071 Μ·

131 3064 257 3194 fadbbllq.
276 3127 369 3194 diulllffflp
385 3130 407 3180 si
424 3128 450 3180 Μ
502 3161 504 3166 -
537 3131 586 3182 694
613 3129 634 3181 si
653 3132 684 3190 (ἰ.
701 3133 737 3194 r.)
757 3129 823 3181 forte
841 3129 879 3191 (te
896 3129 915 3178 i.
932 3142 956 3177 r.
972 3139 1007 3175 nr.
1023 3122 1053 3187 2)
1072 3067 1164 3186 magblsl
1180 3117 1205 3170 Μ

130 3249 180 3300 695
199 3210 353 3302 e⁰rithidbl
414 3252 511 3316 raptae]
530 3263 622 3315 magne
641 3247 651 3300 l
668 3262 777 3316 parre:
835 3241 955 3313 spartei.
1022 3243 1070 3296 eet
1090 3243 1206 3291 erecteus

130 3314 174 3365 Μ1
229 3315 339 3368 erieteus
356 3313 382 3366 Μ
390 3316 423 3372 ²5
490 3318 539 3371 699
557 3333 663 3368 versum
679 3316 731 3367 del.
747 3314 860 3382 bentley
878 3315 931 3376 ant]
950 3316 1008 3366 ate
1072 3309 1206 3427 illiget:

129 3449 220 3502 hirneti
238 3450 256 3501 C
275 3451 305 3514 (ti
325 3449 390 3501 inhl
409 3467 442 3502 aa
462 3452 562 3516 corr.)
595 3456 644 3506 fdl
664 3451 751 3518 rer'fllp
769 3453 794 3517 (a
812 3446 927 3515 m.2)bl
979 3449 1028 3500 'ld'l
1047 3443 1137 3496 amabo
1180 3440 1205 3493 M

128 3605 178 3656 tue
197 3550 341 3671 oblitusque
357 3601 383 3655 Μ
454 3608 501 3658 ltu
519 3609 588 3655 sica
655 3536 790 3670 regreeibm
807 3605 852 3673 qq:
870 3601 972 3654 foedera
990 3607 1012 3662 (r
1028 3615 1063 3649 aa
1081 3598 1160 3660 corr.)
1179 3593 1204 3645 Μ

128 3758 171 3817 (in
189 3771 258 3823 meg.
277 3755 419 3808 referebam
436 3772 471 3809 m.
489 3760 517 3822 b)
541 3757 647 3809 referam
670 3753 815 3825 quoquel
882 3759 930 3809 'lll
956 3684 1084 3824 lletbmtaa
1154 3751 1204 3802 714

358 3840 456 3909 lquud
530 3850 547 3856 ““

127 3907 229 3961 eumbl
301 3912 350 3962 715
377 3925 408 3962 ne
476 3929 490 3962 e
