2692 4230
132 131 221 168 anonis
532 120 563 185 ll,
581 122 724 175 cat-549.

133 292 228 354 reddit
249 311 336 367 onus,
357 291 494 369 vagitque
517 307 606 368 puer;
629 309 716 371 quem
739 292 878 355 mollibus
899 295 998 357 herbis

134 378 234 439 naides
255 377 418 458 inpositum
440 373 568 437 lacrimis
590 394 699 439 unxere
721 379 862 458 parentis.

132 461 263 524 laudaret
285 461 388 522 faciem
411 457 500 520 Livor
521 479 649 542 quoque.
693 463 788 543 qualia
811 483 937 544 namque

131 565 256 628 corpora
280 544 427 606 nudorum
451 545 548 607 tabula
571 547 737 628 pinguntur
759 553 909 624 Amorum,

132 632 198 693 talis
221 636 297 691 erat:
321 628 382 702 sed,
407 648 444 690 ne
467 631 553 692 faciat
573 631 741 693 discrimina
764 634 870 709 cultus,

131 726 182 778 aut
204 714 274 776 huic
295 712 369 773 adde
391 713 479 789 leves,
502 726 552 778 aut
573 714 614 776 illi
638 714 727 776 deme·
742 716 902 796 pharetras.

131 800 238 862 labitur
260 797 376 861 occulte
397 798 530 881 fallitque
550 798 674 859 volatilis
693 807 781 872 aetas,

132 895 161 947 ct
184 882 257 944 nihil
279 892 324 945 cst
345 886 433 947 annis
454 884 591 946 velocius.
634 882 683 943 ille
705 902 805 945 sorore

132 977 219 1030 natus
240 986 354 1050 avoque
376 988 441 1038 suo,
466 969 516 1048 qui
539 967 676 1028 conditus
695 969 800 1030 arhore
823 987 929 1050 nuper,

132 1072 227 1132 nuper
249 1063 313 1116 erat
334 1055 462 1134 genitus,
485 1053 572 1114 modo
595 1054 823 1116 formosissimus
845 1055 952 1131 infans,

131 1138 187 1199 iam
211 1139 335 1214 iuvenis,
357 1140 415 1200 iam
437 1139 490 1213 vir,
513 1140 569 1200 iam
592 1158 624 1200 se
646 1139 800 1201 formosior
822 1141 888 1222 ipso
910 1150 969 1203 est:

131 1222 187 1284 iam
210 1224 308 1305 placet
330 1234 359 1286 et
380 1224 487 1286 Veneri
509 1225 668 1303 matrisque
690 1224 841 1286 ulciscitur
862 1224 956 1304 ignes.

131 1328 258 1390 namque
280 1311 466 1389 pharetratus
488 1310 557 1370 dum
580 1308 628 1369 dat
650 1326 724 1387 puer
746 1309 845 1369 oscula
868 1312 964 1386 matri,

131 1394 242 1456 inscius
265 1394 388 1456 exstanti
412 1393 567 1455 destrinxit
589 1392 753 1453 harundine
774 1403 886 1472 pectus.

130 1480 207 1540 laesa
230 1498 319 1541 mauu
343 1488 445 1539 natum
468 1477 521 1539 dea
543 1476 683 1558 reppulit.
726 1477 812 1539 altius
834 1488 931 1541 actum

130 1565 237 1626 vulnus
258 1573 322 1624 erat
344 1562 444 1645 specie
465 1563 622 1645 primoque
643 1562 786 1625 fefellerat
808 1564 910 1644 ipsam.

129 1658 214 1728 capta
237 1647 289 1709 viri
314 1649 407 1710 forma
432 1665 492 1710 non
515 1648 572 1710 iam
594 1648 746 1727 Cythereta
767 1658 850 1711 curat

128 1733 226 1806 litora,
250 1753 310 1795 non
332 1733 393 1794 alto
417 1733 524 1813 repetit
545 1732 665 1812 Paphon
688 1751 816 1812 aequore
838 1735 966 1796 cinctam
1158 1743 1201 1794 530

130 1818 335 1899 piscosamque
358 1818 477 1879 Gnidon
501 1817 681 1895 gravidamve
704 1819 880 1882 Amathunta
902 1819 1045 1883 metallis:

129 1902 258 1967 abstinet
280 1913 309 1966 et
330 1902 431 1965 caelo:
453 1901 535 1965 caelo
559 1903 722 1983 praefertur
743 1904 863 1966 Adonis.

128 1990 210 2050 hunc
232 1998 322 2063 tenet,
345 1989 416 2050 huic
438 2005 538 2049 comcs
561 1998 620 2062 est3
644 1988 822 2070 adsuetaque
844 2008 961 2071 semper
982 1991 1013 2053 in
1036 1987 1138 2052 umbra

130 2073 283 2152 indulgere
305 2073 359 2134 sihi
383 2074 568 2153 formamque
589 2091 698 2152 augere
719 2073 853 2147 colendo,

130 2177 183 2239 per
206 2159 283 2237 iuga,
307 2177 360 2239 per
382 2157 468 2220 silvas
489 2158 671 2238 dumosaque
692 2176 759 2219 saxa
781 2168 901 2238 vagatur
1158 2167 1203 2218 535

130 2243 189 2304 fine
211 2263 289 2323 genn
313 2253 424 2304 vestem
446 2243 505 2304 ritu
527 2244 676 2305 succincta
699 2243 807 2305 Dianae

130 2330 324 2408 hortaturque
347 2346 437 2389 canes
460 2337 598 2407 tutaeque
620 2328 754 2390 animalia
777 2329 912 2408 praedae,

129 2424 180 2474 ant
202 2432 315 2494 pronos
336 2413 464 2494 lepores,
486 2422 537 2474 aut
558 2412 668 2474 celsum
691 2414 720 2473 in
743 2430 854 2474 cornua
878 2431 1006 2489 cervum,

129 2508 179 2559 aut
200 2499 290 2578 agitat
311 2499 458 2560 dammas:
480 2516 496 2560 a
521 2498 645 2560 fortibus
665 2496 792 2560 abstinet
813 2498 893 2580 apris

130 2593 322 2664 raptoresque
343 2583 432 2664 lupos
455 2592 642 2664 armatosque
664 2583 814 2662 unguibus
834 2602 921 2645 ursos

130 2670 199 2730 vitat
221 2678 249 2730 et
277 2669 404 2730 armenti
428 2677 573 2729 saturatos
594 2670 682 2730 caede
704 2668 813 2729 leones.

130 2765 158 2814 te
180 2772 309 2834 quoque,
333 2763 364 2815 ut
386 2753 443 2814 hos
466 2754 578 2826 timeas,
600 2753 696 2833 siquid
721 2753 860 2834 prodesse
882 2754 1031 2815 monendo

129 2847 241 2918 posset,
264 2839 371 2910 Adoni,
393 2847 505 2911 monet,
525 2831 636 2899 ‘fortis'
662 2857 719 2918 que
737 2831 903 2917 ‘fugacibus
925 2832 1003 2900 esto’

130 2924 241 3002 inquit;
269 2915 313 2984 ‘in
337 2925 463 2985 audaces
486 2942 546 2985 non
569 2933 613 2984 est
633 2924 752 2984 audacia
774 2932 845 2984 tuta.

130 3027 218 3087 parco
240 3027 317 3080 meo,
339 3009 464 3081 iuvenis,
486 3009 658 3069 temerarius
680 3026 743 3069 esse
766 3008 886 3089 periclo,

130 3112 202 3153 neve
226 3094 311 3165 feras,
334 3094 443 3173 quibus
466 3112 544 3154 arma
567 3093 643 3154 dedit
668 3103 780 3164 natura,
803 3093 924 3164 facesse,

130 3187 186 3238 stet
208 3178 279 3238 mihi
305 3197 341 3239 ne
363 3197 472 3257 magno
495 3189 543 3239 tua
566 3178 668 3256 gloria.
712 3196 771 3238 nou
797 3188 893 3239 movet
914 3186 993 3240 aetas

131 3281 185 3323 nec
209 3262 297 3323 facies
320 3282 385 3335 noc,
409 3282 483 3344 quae
507 3263 647 3325 Venerem
671 3282 797 3335 movere,
820 3264 921 3324 leones

129 3347 348 3426 saetigerosque
370 3367 439 3410 sues
463 3347 623 3428 oculosque
645 3348 817 3428 animosque
839 3348 976 3409 ferarum.

198 3516 401 3639 dlfhlltlglga
454 3587 504 3637 oto
522 3584 572 3634 illis
591 3585 630 3634 ed.
651 3584 750 3634 Aldina
802 3577 1015 3635 idhertantisd
1066 3579 1203 3631 instantia

129 3652 366 3718 dtssemtlertlfqll
414 3651 562 3705 sauatiott
608 3652 849 3719 tdlqravidanrqne
864 3651 942 3701 martti
953 3649 1203 3713 cadmiae-icarus

129 3766 278 3858 Amathlnta
303 3805 328 3857 ll
398 3808 449 3858 535
476 3805 634 3872 dumosaque
660 3808 686 3868 (o
711 3822 746 3854 er
767 3807 793 3882 a)
819 3802 843 3854 hl
913 3805 964 3857 5³6
983 3732 1167 3868 ¹lrllflloegenu
1189 3815 1202 3847 ε

129 3872 226 3940 geniti
277 3889 360 3940 genas
377 3877 447 3925 coni.
466 3874 588 3925 flotarius
639 3877 688 3925 543
707 3878 789 3941 possit
808 3871 895 3924 Ham.
948 3870 1030 3924 adona
1047 3869 1073 3922 ll
