2692 4230
128 159 297 198 smcunartus
562 138 619 208 tt,
636 141 781 196 cot-6tt.

99 275 113 302 O

130 325 160 378 et
181 327 250 398 pete
272 333 355 379 nunc
376 311 519 395 propiore
541 310 626 374 loco:
648 328 706 373 nec
728 311 866 394 Apolline
884 309 980 387 robis,

131 403 182 483 qui
204 403 321 464 minuat
340 398 449 469 luctus,
472 414 549 479 opus
571 407 627 472 est,
648 397 700 458 sed
723 396 861 480 Apolline
882 406 962 459 nato.

130 486 171 549 ite
192 486 280 548 bonis
301 482 404 546 aribus
426 482 601 564 prolemque
622 482 765 545 accersite
787 476 937 546 nostram‘.
1001 481 1004 486 ’

130 572 209 634 iussa
231 570 278 633 dei
300 566 433 649 prudens
454 577 610 649 postquam
632 576 926 648 componeremus,
983 610 984 614 =

132 674 220 738 quam
243 653 332 726 colat,
355 650 520 733 explorant,
541 651 658 714 iuvenis
678 651 983 726 Phoebetusurbem,

134 741 246 822 quique
267 745 372 818 petant
392 737 489 800 ventis
511 736 671 818 Epidauria
692 734 789 810 litora,
811 738 943 799 mittunt.

135 844 211 906 quae
232 820 320 883 simul
343 821 464 884 incurva
486 821 570 902 missi
591 821 716 899 tetigere
737 821 848 894 carina,
870 852 872 857 ·

134 905 294 972 concilium
317 905 603 988 Graiosquepatres
624 904 733 976 adiere,
755 904 928 986 darentque,

133 1010 264 1064 oravere,
285 991 384 1066 deum,
408 992 460 1072 qui
482 1007 625 1070 praeseus
645 989 751 1050 lunera
773 989 870 1068 gentis

134 1075 218 1138 liniat
239 1076 405 1152 Ausoniae3
427 1083 522 1136 certas
544 1074 585 1135 ita
607 1075 705 1136 dicere
727 1084 833 1136 sortes.
943 1119 944 1122 ,

133 1161 255 1224 dissidet
277 1171 306 1223 et
328 1159 419 1222 uariat
439 1159 598 1221 sententis.
642 1177 770 1240 parsque
792 1159 959 1240 negandum

134 1266 195 1309 non
219 1255 303 1327 putat
324 1244 477 1319 auxilium,
502 1242 590 1306 multi
612 1245 741 1306 retinere
762 1263 905 1326 suamquc

135 1351 196 1394 non
219 1329 355 1392 emittere
377 1347 465 1412 opem
487 1348 545 1392 nec
567 1329 691 1392 numina
713 1329 828 1392 tradere
849 1331 983 1392 suadent.
1072 1342 1080 1378 '-

137 1418 206 1477 dum
230 1413 375 1489 dubitant,
397 1433 493 1477 seram
514 1415 658 1495 pepulere
679 1414 854 1495 crepuscula
875 1415 982 1477 lucem.

136 1498 303 1581 umbraque
322 1499 438 1562 telluris
461 1498 601 1560 tenebras
621 1499 779 1569 induxerat
800 1499 876 1574 orbi,

135 1602 204 1646 cum
227 1585 301 1646 deus
322 1585 354 1645 in
378 1582 500 1645 somnis.
513 1583 611 1665 opiier
631 1583 795 1645 consistere
814 1583 895 1646 visus

134 1680 204 1732 ante
226 1678 321 1743 tuum,
343 1667 487 1745 Romane,
508 1678 619 1739 torum,
641 1669 693 1730 sed
716 1669 812 1749 qualis
833 1669 865 1730 iu
887 1669 960 1732 aede

137 1773 201 1816 esse
223 1752 308 1827 solet,
331 1753 531 1835 baculumque
554 1763 661 1815 tenens
682 1763 799 1833 agreste
818 1753 936 1816 sinistra
958 1782 960 1787 v

136 1839 298 1901 caesariem
321 1837 428 1918 longae
450 1839 552 1900 dextra
573 1839 720 1900 deducere
742 1837 850 1901 barbae

137 1933 167 1986 et
188 1923 305 2005 placido
328 1923 407 1986 tales.
425 1923 560 1986 emittere
581 1933 703 2005 pectore
724 1942 829 1986 voces:

133 2002 228 2090 ‘pone
249 2018 357 2083 metus,
378 2008 494 2069 reniam
516 2007 733 2089 simulacraque
756 2019 863 2071 nostra·
878 2008 1054 2089 relinquam.

136 2095 219 2155 bunc
240 2093 328 2154 modo
351 2102 531 2174 serpentem,
552 2093 691 2155 baculum
715 2094 765 2173 qui
789 2093 914 2156 noxibus
936 2093 1036 2170 ambit,

138 2177 274 2259 perspice
298 2188 328 2239 et
349 2197 444 2259 usquc
466 2187 537 2239 nota
558 2177 633 2254 risu,
657 2187 691 2240 ut
711 2196 893 2258 cognoscere
914 2179 1020 2260 possis.

137 2273 235 2324 vertar
257 2263 288 2324 in
311 2263 403 2335 hunc,
424 2263 477 2324 sed
498 2262 595 2325 maior
616 2281 668 2324 ero
691 2273 851 2345 tantusque
871 2264 1002 2341 videbor,

138 2349 169 2409 in
194 2357 337 2428 quantum
359 2348 433 2410 verti
456 2348 594 2410 caelestia
615 2367 743 2431 corpora
765 2344 894 2411 debent'.

139 2431 286 2512 extemplo
309 2451 376 2494 cum
399 2450 472 2493 voce
493 2432 576 2506 deus.
598 2451 669 2494 cum
691 2451 763 2495 voce
785 2435 902 2515 deoque

139 2535 263 2578 somnus
285 2517 357 2588 abit,
379 2517 538 2598 somnique
558 2519 658 2597 lugam
681 2517 732 2580 lux
754 2517 829 2579 alma
851 2528 950 2581 secuta
973 2527 1027 2579 ost

141 2613 259 2683 postera
281 2602 414 2663 sidereos
434 2620 543 2664 aurora
565 2603 716 2681 legaverat
737 2603 839 2681 ignes:
1099 2607 1101 2612 '

141 2687 257 2759 irruerit,
281 2688 350 2767 quid
373 2705 448 2767 agan
477 2760 483 2766 ‚
532 2706 637 2762 *ceres
657 2688 693 2750 ad
716 2688 826 2769 templa
848 2688 932 2768 petiti

140 2773 319 2852 perueniunt
341 2786 484 2852 operosa·
538 2818 547 2848 ‚
569 2791 687 2854 quaque
709 2773 774 2854 ipse
794 2773 904 2834 morari

141 2856 210 2918 sede
232 2856 312 2932 velit,
335 2857 428 2936 signis
449 2849 771 3260 melestJiceu
793 2867 889 2920 orant.

140 2941 186 3002 rix
209 2941 287 3003 bene
308 2942 467 3014 desierant,
489 2960 558 3004 cum
581 2961 599 3004 c
698 2962 807 3006 aureus
828 2943 895 3005 altis

142 3027 173 3087 in
197 3037 337 3107 serpente
359 3027 433 3089 deus
452 3044 589 3107 praenun
654 3027 739 3089 sibila
761 3029 841 3090 misit
919 3065 922 3072 -

142 3111 328 3191 aureumque
349 3130 405 3189 quo
428 3111 567 3191 signumq
629 3131 753 3193 arasque
776 3114 914 3194 foresque

143 3213 401 3276 marmoreumque
423 3196 519 3257 solum
541 3197 556 3258 t
602 3196 718 3277 igiaque
740 3216 828 3260 aurea
851 3197 942 3260 morit

143 3280 375 3362 pectoribusque
397 3288 485 3343 tenus
507 3271 603 3343 mcma
625 3282 760 3344 sublimis
781 3283 811 3344 in
835 3283 906 3344 aede

143 3365 279 3428 constitit
298 3375 388 3447 atque
409 3365 513 3428 oculos
534 3366 717 3450 cirqumtulit
740 3369 810 3448 igne
832 3368 984 3431 micantes.
1026 3370 1029 3374 ’

584 3455 595 3517 l

213 3567 264 3617 cto
281 3565 436 3618 accersitos
488 3523 645 3758 arrath
708 3569 758 3622 ott
776 3567 926 3637 exploratb
983 3570 1033 3621 did
1050 3567 1220 3636 epidaureab

550 3654 563 3686 ἔ

144 3635 196 3685 646
214 3647 280 3700 quae
297 3638 434 3702 postquem
453 3649 531 3687 cum
632 3638 680 3689 dli
700 3643 799 3689 certant
818 3636 901 3688 boob
968 3634 1108 3689 bordiers
1168 3638 1216 3688 661

143 3699 238 3764 lucem]
257 3705 389 3754 nocteme
440 3705 491 3756 666
509 3701 558 3755 ded
609 3718 635 3755 re
653 3702 776 3757 dextrab
838 3703 1111 3757 cotroniensem
1170 3707 1219 3757 659

143 3781 273 3938 6366116716
334 3822 384 3873 662
403 3819 499 3873 debent
516 3838 540 3872 c.
557 3838 580 3875 u
599 3823 695 3873 vertis
755 3826 805 3876 66ῖ
824 3822 1011 3874 conveniunto
1073 3824 1124 3875 oto
1140 3822 1220 3883 misitl

145 3902 215 3938 ruou
255 3905 262 3938 r
