2692 4230
133 127 265 164 sensisses
558 114 597 179 ΙΙΙ,
615 116 759 168 oto-417.

133 283 183 345 hic
204 297 303 368 stupet
326 299 417 368 utque
440 284 532 345 aciem
554 292 654 366 partes
675 286 793 349 dimittit
816 287 846 348 io
870 304 983 362 omnes,

132 387 204 432 voce
223 365 330 434 ‘venii'
355 387 461 448 magna
483 367 602 433 clamat:
624 384 708 434 vocat
729 372 778 433 ilia
799 380 962 434 vocantem.

131 457 254 536 respicit
276 466 306 518 et
327 472 431 516 rursus
454 453 537 515 nullo
559 455 695 518 veniente
713 451 807 537 ‘quid’
831 457 927 538 inquit

129 531 191 601 ‘me
213 536 322 620 fugisl'
347 551 375 598 et
397 538 530 614 totidem,
553 550 625 622 quot
646 541 728 612 dixit,
750 541 838 602 rerba
860 543 980 624 recepit.

135 632 244 687 'erstat
267 634 305 696 et,
327 622 457 684 alternae
479 624 621 705 deceptus
641 624 768 702 imagine
791 625 881 699 vocis,

142 712 202 772 huc
224 699 388 769 coeamusf’
412 709 467 770 ait:
491 709 623 790 nullique
644 707 784 770 libentius
807 727 944 789 umquam

130 809 314 872 responsura
335 811 411 854 sono
430 788 590 857 ‘coeamus'
615 792 725 853 rettulit
749 793 830 854 Echo

131 888 162 939 et
183 876 280 937 verbis
302 878 378 940 favet
400 879 464 961 ipsa
486 880 548 942 suis
569 895 744 958 egressaque
766 878 837 941 silva

130 963 201 1032 ibat,
225 970 258 1020 ut
280 960 402 1025 iniceret
425 973 543 1046 sperato
564 961 700 1023 bracchia
722 962 809 1024 collo.
897 983 901 990 ·

131 1045 182 1108 ille
204 1045 279 1125 fugit
302 1048 480 1129 fugiensque
497 1043 617 1107 ‘manus
639 1047 842 1129 complexibus
863 1051 962 1111 aufer:

131 1127 209 1192 ante'
233 1131 274 1193 ait
292 1129 444 1206 ‘emorian
467 1149 555 1213 quam
577 1131 615 1192 sit
637 1132 691 1194 tibi
714 1133 800 1214 copia
824 1131 935 1196 nostri.³

131 1215 245 1277 rettulit
267 1216 315 1280 illa
338 1219 413 1280 nihil
437 1218 493 1278 nisi
513 1212 566 1276 ‘sit
587 1217 640 1278 tibi
655 1219 739 1299 copia
763 1213 876 1278 nostri?

133 1311 232 1381 spreta
255 1301 324 1364 latet
346 1302 428 1364 silvis
450 1301 680 1384 pudibundaque
702 1303 857 1364 frondibus
880 1323 929 1366 ora

131 1387 263 1467 protegit
285 1398 314 1448 et
335 1387 408 1448 solis
431 1405 466 1447 ex
489 1387 540 1448 illo
561 1387 630 1448 vivit
651 1389 681 1448 io
704 1388 807 1449 antris.

131 1471 182 1533 sed
205 1481 302 1533 tamen
326 1473 428 1533 haeret
449 1490 532 1534 amor
553 1472 718 1552 crescitque
741 1472 843 1534 dolore
865 1473 1010 1554 repulsae.

131 1565 295 1616 extenuant
317 1556 420 1635 vigiles
443 1575 552 1639 corpus
574 1556 739 1618 miserabile
761 1576 859 1631 curae,

131 1640 309 1721 adducitque
331 1654 429 1703 cutem
452 1642 570 1715 macies,
593 1653 622 1703 et
643 1642 673 1703 iu
696 1653 762 1704 aera
785 1661 875 1704 sucus

130 1725 267 1806 corporis
289 1727 388 1788 omnis
410 1727 480 1788 abit.
524 1744 578 1787 vox
601 1735 714 1790 tantum
736 1737 825 1807 atque
846 1747 912 1790 ossa
934 1739 1105 1810 supersunt.

130 1827 185 1869 vox
209 1821 324 1886 manet;
349 1830 414 1872 ossa
438 1812 537 1872 ferunt
559 1811 664 1893 lapidis
686 1812 809 1874 traxisse
831 1814 963 1893 liguram.
1102 1830 1106 1840 ·

218 1894 268 1957 Sic
290 1897 377 1972 hanc,
399 1898 443 1957 sic
464 1897 536 1958 alias
557 1897 645 1958 undis
666 1907 717 1959 ant
740 1898 891 1961 montibus
914 1909 994 1961 ortas

131 1979 242 2042 luserat
264 1981 314 2042 hic·
337 1983 492 2062 nymphas,
514 1982 558 2043 sic
578 1996 681 2045 coetus
702 1993 770 2044 ante
793 1984 921 2045 viriles..

131 2065 202 2126 inde
222 2084 329 2127 manus
351 2067 460 2147 aliquis
482 2068 640 2148 despectus
661 2068 696 2129 ad
719 2069 835 2130 aethera
859 2070 968 2130 tollens

127 2145 185 2211 ‘sic
207 2163 285 2211 amet
307 2151 370 2231 ipse
393 2152 472 2224 licet,
494 2152 538 2213 sic
559 2169 619 2213 non
644 2152 772 2233 potiatur
792 2163 889 2214 amato
899 2145 918 2214 l‘

131 2234 273 2301 dixerat..
297 2236 428 2297 adsensit
451 2237 588 2318 precibus
609 2236 788 2299 Rhamnusia
810 2239 904 2300 iustis.

131 2321 199 2380 fons
221 2331 285 2382 erat
307 2322 426 2394 infimis,
450 2322 550 2383 nitidis
571 2331 728 2401 argenteus
750 2323 849 2398 undis,

131 2423 221 2485 quem
244 2425 342 2486 neque
365 2416 500 2487 pastores
524 2425 620 2487 neque
643 2418 743 2488 pastae
765 2422 867 2471 monte
889 2409 1018 2491 capellae

132 2490 321 2569 contigerant
343 2491 458 2552 aliudve
480 2510 581 2573 pecus,
604 2510 691 2573 quem
714 2494 795 2555 nulla
817 2495 945 2555 volucris

132 2593 188 2635 nec
211 2575 272 2636 fera
296 2577 427 2638 turbarat
452 2595 507 2638 neo
521 2577 621 2657 lapsus
643 2577 679 2637 ab
701 2577 807 2638 arbore
829 2597 938 2640 ramus

133 2677 254 2738 gramen
278 2664 452 2736 matrices,
475 2663 553 2742 quod
577 2662 729 2743 proximus
750 2682 837 2725 umor
857 2663 961 2737 alebat,

131 2744 263 2824 silvaque
285 2745 347 2806 sole
367 2745 465 2808 locum
489 2765 609 2828 passura
633 2757 783 2828 tepescere
805 2749 896 2811 nullo.

131 2830 180 2891 hic
203 2848 288 2910 puer,
312 2840 341 2891 et
362 2833 460 2894 studio
483 2833 607 2894 venandi
631 2832 724 2894 lassus
746 2843 889 2908 moestu,

154 2913 303 2987 rocubuit‚
326 2916 489 2997 faciemque
511 2917 568 2977 loci
591 2919 762 2997 fontemque
784 2932 913 2981 secutus.

132 2934 275 3081 ldumque
298 3000 375 3062 sitim
399 3005 501 3064 sedare
524 3003 616 3082 cupit,
640 3003 702 3063 sitis
723 3003 812 3066 altera
835 3005 945 3080 crevit.]
1167 3013 1209 3063 415

133 3086 264 3163 dumque
286 3084 370 3160 bibit,
392 3089 472 3150 visae
494 3096 647 3168 correptus
669 3089 796 3167 imagine
819 3090 928 3151 formae

133 3169 225 3248 [spem
249 3170 314 3229 sine
336 3191 462 3254 corpore
485 3181 572 3244 amat,
594 3192 703 3254 corpus
726 3184 809 3254 putat
830 3194 904 3247 esse,
927 3174 1007 3254 quod
1031 3175 1109 3235 unda
1132 3175 1185 3249 est]

150 3290 313 3300 ----....-.

134 3336 203 3399 [inde
222 3338 286 3389 latet
305 3339 378 3390 silvis
398 3339 521 3406 nulloque
540 3341 565 3390 in
583 3349 670 3393 monte
687 3341 801 3402 ridetur;
1171 3354 1209 3393 eoo

133 3406 253 3457 omnibus
270 3405 386 3458 auditur:
406 3423 484 3460 sonus
502 3414 550 3471 est,
567 3410 611 3475 qui
631 3409 695 3460 ririt
713 3411 738 3461 in
757 3411 818 3473 illa]
1170 3422 1204 3461 eor

201 3544 249 3594 381
269 3542 347 3594 eren
391 3550 503 3610 atque:
555 3544 682 3601 dimisitr
734 3548 783 3598 389
801 3546 870 3597 collo
888 3546 911 3596 hl
965 3548 1014 3598 390
1033 3544 1116 3596 aufert
1135 3547 1209 3597 codd.

132 3609 204 3660 dufer
228 3615 298 3662 conf.
315 3612 405 3662 lisine.
475 3615 525 3664 392
544 3612 636 3680 ipsaB
700 3616 750 3666 396
776 3621 800 3666 et
819 3619 925 3666 tenuant
949 3613 1025 3665 codd.
1072 3616 1210 3665 extenuant

133 3679 218 3728 Bothe
269 3682 317 3731 39ῖ
338 3678 486 3747 addicitque
504 3680 529 3731 Μ
590 3683 995 3748 400.401prorenpritlieim.
1055 3684 1104 3733 dd'l
1124 3683 1209 3734 illimis

133 3746 323 3798 ocinlimisll
394 3751 445 3800 410
464 3765 514 3800 non
533 3749 617 3801 ferar
684 3748 870 3803 llicircai¹
905 3752 999 3803 circum
1018 3746 1052 3800 ΙΙ
1117 3755 1211 3803 libet

133 3884 181 3933 lli
198 3887 419 3949 proscripserunt
436 3885 538 3934 lilerlrel
555 3890 579 3934 ct
598 3885 727 3936 ifrnfrer‘m
779 3890 826 3941 tlt
847 3887 924 3939 sicli
973 3831 1144 3941 quqqrbrew
