2692 4230
135 194 299 234 rurmooeas
560 177 616 245 XV,
633 180 777 233 aea-454.

135 351 166 414 in
189 352 302 434 species
323 350 463 414 hanalata
484 367 583 412 nouas.
621 350 671 413 sic
693 353 791 414 omnia
811 349 884 412 verti

136 437 285 499 cernimus
304 448 394 516 atque
415 433 480 497 ilias
501 437 655 498 adsumere
676 436 783 500 robora
803 444 916 516 gentes,

134 520 291 584 concidere
312 522 374 581 has.
418 519 462 581 sic
482 539 589 601 magna
610 522 668 583 tuit
687 540 842 602 censuque
862 521 990 602 virisque

134 625 246 688 perque
268 605 369 666 decem
391 605 489 686 potuit
508 617 623 670 tantum
646 606 717 667 dare
738 606 890 685 sanguinis
911 624 1016 680 annos,

135 710 216 754 nuuc
237 688 358 752 humilis
379 700 490 753 veteres
511 691 717 754 tantummodo
738 690 826 751 Troia
846 691 949 754 ruinas

134 786 164 838 et
185 794 240 858 pro
263 773 371 835 divitiis
391 776 521 838 tumulos
543 773 673 836 ostendit
692 791 821 834 auorum.

134 862 222 939 [clara
244 857 300 919 init
322 858 437 941 Sparte,
459 876 583 938 magnae
603 857 722 936 viguere
743 857 891 937 Mycenae,

135 960 271 1007 necnon
295 954 324 1006 et
347 943 496 1025 Cecropis,
519 960 658 1004 necnon
681 942 856 1022 Amphionis
876 959 969 1003 arces.

133 1027 190 1088 vile
211 1027 308 1090 solum
330 1029 436 1110 Sparte
458 1037 513 1102 est,
535 1027 611 1090 altae
631 1027 765 1089 cecidere
786 1027 936 1106 Mycenae,

133 1112 364 1193 Oedipodioniae
387 1112 456 1192 quid
478 1121 558 1190 sunt,
581 1113 639 1175 nisi
662 1113 791 1188 nomina,
814 1108 956 1173 Thebae?

133 1197 202 1278 quid
225 1198 405 1261 Pandioniae
426 1207 547 1272 restant,
569 1199 627 1261 uisi
649 1216 768 1269 nomen,
789 1193 955 1272 Athenaei]

134 1302 214 1346 nuuc
235 1300 354 1363 quoque
376 1281 552 1346 Dardaniam
573 1285 649 1344 tama
672 1291 717 1345 est
737 1299 918 1359 consurgere
940 1279 1072 1352 Romam,

133 1367 398 1449 Appenninigenae
419 1387 494 1449 quae
516 1368 650 1449 proxima
672 1366 827 1446 Thybridis
849 1366 937 1428 undis

133 1452 211 1513 mole
231 1452 287 1513 sub
308 1452 424 1532 ingenti
445 1471 545 1515 rerum
567 1452 739 1514 fundamina
761 1451 854 1532 ponit.

133 1537 206 1599 haec
226 1537 316 1617 igitur
337 1538 462 1599 formam
484 1536 645 1599 crescendo
667 1545 761 1598 mutm
782 1545 812 1597 et
834 1533 905 1596 olim
1000 1577 1003 1580 -

132 1621 259 1684 inmensi
282 1631 373 1702 caput
395 1621 477 1684 orbis
498 1622 562 1685 erit
606 1623 650 1685 sic
671 1621 769 1684 dicere
790 1628 870 1682 vates

134 1707 325 1787 faticinasque
349 1707 448 1769 ierunt
468 1717 573 1780 sortes,
595 1718 798 1788 quantumque
817 1706 969 1779 recordor,

130 1792 243 1853 dixerat
264 1794 391 1867 Aeneae,
413 1810 482 1855 cum
503 1811 552 1855 res
573 1791 700 1854 Troiana
721 1791 841 1865 labaret,

132 1874 293 1938 Priamides
314 1876 447 1939 Helenus
468 1877 553 1940 denti
573 1875 726 1957 dubioque
746 1875 863 1938 salutis:

133 1970 221 2037 „uate
242 1961 306 2035 dea,
328 1961 353 2023 si
376 1969 445 2024 nota
467 1961 539 2024 satis
559 1961 711 2043 praesagia
733 1971 851 2022 nostrae

131 2046 238 2108 mentis
259 2045 361 2121 habes,
384 2064 445 2108 nou
468 2053 530 2108 tota
552 2047 637 2108 cadet
658 2055 688 2107 te
709 2045 819 2127 sospite
841 2044 939 2106 Troia.
1039 2082 1041 2093 ·

130 2131 244 2192 damma
269 2129 321 2191 tibi
343 2132 515 2211 ferrumque
535 2130 650 2193 dabunt
670 2132 737 2193 iter.
780 2131 836 2192 ibis
858 2138 888 2192 et
909 2146 968 2191 uua

132 2214 271 2295 Pergama
293 2225 376 2296 rapta
398 2215 485 2292 iores,
507 2216 604 2278 donec
624 2215 788 2296 Troiaeque
808 2215 923 2296 tibique

131 2309 284 2362 externum
306 2301 402 2381 patrio
425 2301 579 2382 contingat
599 2301 723 2364 amicius
744 2319 854 2362 arvum.

131 2385 234 2446 urbem
256 2385 343 2447 etiam
365 2404 456 2448 cerno
475 2385 619 2466 Phrygios
640 2385 748 2448 debere
770 2393 902 2464 nepotes,

131 2480 238 2549 quanta
263 2488 318 2532 nec
341 2480 385 2532 est
407 2471 540 2533 necarit
562 2488 618 2532 nec
637 2470 698 2532 uisa
720 2468 867 2551 prioribus
888 2466 984 2529 annis.

130 2554 208 2616 hanc
229 2553 277 2615 aiii
300 2572 440 2635 proceres
462 2575 515 2637 per
536 2555 654 2618 saecula
676 2553 764 2633 ionga
786 2563 948 2634 potentem,

132 2639 183 2700 sed
205 2640 353 2701 dominam
376 2659 474 2702 rerum
497 2642 535 2702 de
556 2641 700 2720 sanguine
722 2649 809 2701 uatus
829 2637 887 2700 luli

131 2724 247 2786 efficiet.
293 2743 352 2805 quo
374 2743 443 2787 cum
467 2725 556 2788 tellus
577 2727 634 2787 erit
655 2744 719 2797 usa,
741 2726 877 2787 fruentur

130 2809 275 2871 aetheriae
296 2811 390 2885 sedes,
412 2810 586 2892 caelumque
608 2811 664 2873 erit
686 2811 781 2872 exitus
801 2808 874 2871 iili.“

130 2893 202 2955 haec
223 2893 370 2956 Helenum
391 2896 535 2958 cecinisse
557 2897 728 2976 penatigero
750 2900 865 2957 Aeneae

130 2989 229 3040 mente
251 2997 365 3041 memor
385 2981 482 3042 refero
504 2992 689 3062 cognataque
709 2980 826 3042 moenia
847 2977 941 3040 laetor

131 3081 263 3126 crescere
286 3072 314 3125 et
336 3064 449 3126 utiliter
469 3064 635 3146 Phrygibus
656 3066 760 3127 vicisse
781 3063 929 3143 Pelasgos.
953 3095 957 3102 ·

131 3167 169 3210 ne
190 3159 287 3210 tamen
310 3149 410 3211 oblitis
430 3150 467 3211 ad
489 3160 595 3213 metam
619 3152 739 3212 tendere
760 3151 849 3228 longe

130 3234 328 3314 exspatiemur
349 3234 444 3315 equis,
467 3236 581 3298 caelum
603 3246 633 3297 et
655 3236 862 3316 qrmdcrnmque
884 3232 939 3294 sub
961 3231 1012 3293 iilo
1035 3240 1089 3304 est,

197 3434 334 3486 426-430
354 3437 387 3484 ut
408 3433 552 3486 subditicio
573 3450 634 3486 eum
652 3435 759 3485 Heinsio
781 3438 806 3484 et
826 3432 953 3484 dlerkaiio
975 3431 1083 3482 numnis
1106 3428 1205 3479 inclusi

129 3502 265 3554 tta-tuo
277 3501 375 3553 deleuit
386 3501 543 3554 Lachmann
594 3505 644 3556 433
658 3507 684 3553 at
694 3505 744 3555 423
758 3501 895 3553 dedidisse
945 3501 995 3552 att
1008 3502 1035 3552 ei
1051 3512 1126 3550 cecro
1145 3496 1168 3548 is
1185 3496 1202 3549 b

129 3577 156 3621 et
179 3568 325 3635 cicropisa
393 3571 527 3638 cecropiae
545 3571 633 3622 licina.
702 3572 751 3624 tte
776 3571 853 3631 nom]
877 3567 964 3619 sabula
984 3565 1095 3619 Poodd.
1137 3567 1203 3616 eim.

129 3637 212 3688 Maria
265 3638 314 3689 433
327 3638 707 3706 appenninigeni-tibridish
758 3640 808 3691 436
821 3634 1027 3703 raticinasqueb
1080 3634 1140 3687 438.
1150 3635 1201 3686 433

129 3789 218 3840 Hune.
268 3791 319 3843 443
331 3797 469 3842 externoa
520 3792 632 3859 patriae
677 3791 764 3842 mitius
783 3790 799 3841 Ιι
851 3720 1039 3843 tbilrbeniffla
1090 3788 1141 3839 443
1155 3785 1205 3837 erit

130 3856 214 3909 onnh
284 3859 335 3910 450
353 3858 560 3911 bec-cecinisse
578 3874 643 3926 pena
661 3858 780 3912 helenum
799 3857 915 3924 tigeroh
985 3858 1035 3910 433
1053 3869 1100 3907 nec
1118 3859 1211 3904 tamen

129 3925 169 3976 IV
185 3924 261 3977 codd.
279 3926 392 3993 Humi,
409 3926 484 3977 ldieae
