2796 4222
70 653 89 680 d.

73 681 77 696 ¹
139 661 336 742 interpolatos
358 663 423 723 luce
446 669 491 722 est
518 659 634 721 clarius.
679 660 801 732 Quies
829 661 977 743 archetypi
1005 664 1097 736 illius,
1127 662 1206 743 qnod

52 1105 79 1152 b

52 1202 85 1315 l

52 1384 67 1487 l

144 168 160 204 x
590 150 771 204 PRAEFATIO

139 322 184 384 dis
206 330 288 385 recte
310 324 372 386 lere
394 325 491 386 solent
512 324 563 397 uti,
586 331 619 383 ut
641 341 701 382 uno
724 340 817 400 eoque
840 325 950 402 optimo
966 324 1039 386 libro
1063 324 1207 403 produce

139 408 234 469 electo
257 410 348 470 ceteri
370 411 466 471 valere
488 408 653 469 iubeantur.
698 405 789 466 lmmo
816 425 883 468 vern
906 419 938 470 ut
959 409 1133 470 emendandi
1155 427 1207 468 cu-

140 510 203 553 ram
232 492 431 566 absolverem,
461 511 497 553 ex
525 490 645 568 reliquis
674 490 725 568 qui
753 490 815 552 noti
838 502 907 553 sunt
927 494 1077 556 codicibus
1097 511 1208 574 paucos

139 576 292 656 eligendos
315 596 379 640 esse
402 575 570 649 existimavi,
593 592 767 654 quamquam
791 586 914 638 cunctos
936 597 1000 641 esse
1016 579 1206 640 audacissime

139 745 227 825 quale
248 747 338 808 luerit
359 764 450 826 supra
473 744 675 824 exposuimus,
698 745 866 827 apographo
888 749 1070 829 transscripti
1092 749 1206 810 schola·

139 849 206 891 rum
228 830 260 891 in
292 848 377 893 usum
407 828 549 908 singulari
571 829 694 906 quadam
717 831 836 892 libidine
857 839 926 891 sunt
946 833 1087 912 adaptati,
1118 852 1205 912 quam

138 915 346 977 recensionem
369 914 483 974 tertiam
506 913 671 992 significare
693 917 770 978 licet.
814 915 902 977 Cuius
923 918 1105 979 recensionis
1128 918 1206 978 anti-

139 999 314 1080 quissimum
333 1007 378 1060 cst
399 998 565 1077 exemplum
581 998 655 1060 liber
669 1000 893 1074 Laurentianus,
915 1000 1002 1080 paulo
1025 1003 1206 1065 recentiores

137 1092 210 1146 sunt
238 1085 331 1145 codex
352 1082 566 1162 Amplonianus
596 1085 680 1165 prior
700 1104 775 1147 saec.
798 1086 873 1158 lllll,
896 1085 945 1164 qui
968 1083 1079 1146 Erfurti
1108 1105 1205 1149 serva-

137 1177 203 1242 tur,
232 1177 263 1228 et
284 1167 377 1228 codex
399 1167 589 1242 Hauniensis
620 1169 671 1248 qui
696 1171 764 1230 olim
787 1171 841 1230 luit
862 1168 1091 1248 llamburgensis
1111 1173 1204 1250 prior,

139 1251 191 1332 qui
212 1259 258 1312 est
278 1251 475 1314 bibliothecae
496 1254 592 1333 regiae
608 1253 785 1315 Hauniensis
800 1273 849 1314 no.
865 1255 957 1319 2008.
987 1252 1118 1324 Quorum
1135 1257 1205 1314 Am-

137 1335 307 1416 ploniauus,
328 1347 363 1398 ut
378 1346 423 1400 est
437 1338 564 1417 scriptus
578 1336 615 1396 ab
630 1336 751 1397 homine
772 1338 848 1398 haud
864 1339 992 1415 indocto,
1014 1337 1138 1418 graviter
1160 1348 1206 1399 est

137 1419 344 1502 interpolatus,
354 1422 533 1484 Hauniensis
543 1419 666 1482 similior
676 1420 883 1482 Laurentiano.
904 1421 1204 1502 Eum,plut.XXXVl,

140 1506 189 1580 ta,
212 1507 479 1579 membranaceum,
502 1514 649 1566 exaratum
665 1523 729 1566 esse
743 1505 858 1567 saeculo
873 1505 911 1566 lll
926 1507 971 1566 rel
985 1507 1038 1567 Xll
1052 1509 1135 1570 testis
1150 1516 1204 1582 cst,
1250 1541 1253 1546 ·

52 1601 58 1619 ’
137 1590 190 1669 qui
219 1592 299 1676 hunc
327 1590 460 1653 codicem
481 1599 511 1651 et
531 1590 710 1651 Marcianum
735 1591 876 1670 singulari
897 1590 1046 1670 diligentia
1068 1586 1203 1667 contulit,

52 1677 58 1683 '
137 1674 284 1738 Gustavus
305 1675 456 1756 hlepnche.
494 1675 632 1736 Continet
653 1676 730 1737 loliis
751 1675 934 1756 septuaginta
956 1675 1071 1736 duobus
1092 1677 1205 1736 lormae

137 1761 297 1839 quadratae
325 1761 601 1840 metamorphoseon
630 1760 721 1822 libros
750 1780 844 1839 usque
871 1761 905 1821 ad
929 1779 1046 1823 uersum
1067 1759 1120 1821 llll
1142 1762 1204 1824 298

133 1837 245 1908 ‘exitus
273 1845 389 1908 assidue
417 1862 555 1906 successu
577 1843 656 1905 cedis
680 1836 820 1905 orantem'
845 1845 899 1917 ita,
927 1855 960 1906 ut
981 1845 1074 1925 prima
1096 1846 1204 1925 pagina

136 1928 243 1991 habeat
267 1929 316 1991 LV
338 1946 455 2002 versus,
483 1935 641 2006 sequentes
667 1928 826 1989 versiculos
847 1928 897 1988 LX
917 1929 962 1988 rel
990 1930 1078 2008 paulo
1103 1931 1204 2009 plures

137 2012 262 2091 (LXIV).
298 2012 478 2094 Conpositus
492 2022 566 2075 esta
582 2011 774 2092 conpluribus
795 2013 898 2074 scribis
919 2012 1097 2091 aequalibus,
1119 2014 1204 2074 dein·

137 2115 209 2179 ceps
237 2116 362 2160 munere
383 2117 438 2159 suo
460 2098 577 2159 iunctis.
620 2097 673 2159 Cui
700 2098 862 2178 scripturae
884 2098 996 2158 additae
1017 2108 1088 2159 sunt
1108 2109 1204 2159 muta·

137 2181 235 2245 tiones
258 2183 417 2263 pleraeque
439 2183 617 2262 aplerisque
637 2182 743 2262 pictae,
766 2201 898 2261 quarum,
924 2200 999 2262 quac
1020 2182 1128 2244 saeculi
1150 2182 1204 2243 Xll

135 2277 223 2340 sunt,
245 2266 281 2328 2²
302 2267 496 2347 signavimus,
527 2285 601 2345 quae
631 2267 804 2328 recentioris
832 2267 932 2328 aetatis
953 2267 972 2327 i.
996 2285 1021 2328 e.
1043 2286 1120 2328 saec.
1142 2267 1202 2341 XV,

55 2395 61 2403 ι
136 2352 183 2414 rel
203 2351 240 2413 λθ
260 2352 305 2413 vel
327 2351 347 2413 t
368 2370 407 2412 m.
430 2352 587 2412 recentior.
631 2353 674 2413 ad
702 2361 814 2412 textum
844 2361 940 2412 autem
962 2352 1203 2413 constituendum

58 2417 61 2440 Ι

52 2448 58 2473 i

52 2496 73 2522 Ν

56 2648 78 2695 ,

136 2455 205 2499 eum
220 2436 330 2498 librum
345 2445 375 2498 et
390 2437 615 2517 Amplonianum
632 2446 718 2516 atque
733 2436 929 2498 Hauniensem
948 2436 986 2496 ita
1007 2436 1203 2509 adhibuimus,
1309 2441 1315 2452 ‘

137 2530 171 2583 ut
192 2521 384 2596 haberemus,
413 2540 472 2599 quo
495 2521 602 2583 multos
623 2520 688 2582 illos
708 2521 900 2600 manuscripti
924 2520 1062 2581 llarciani
1085 2539 1203 2582 errores

136 2616 189 2668 aut
209 2605 400 2688 properantia
421 2606 577 2668 scribentis
598 2615 647 2666 aut
668 2606 801 2668 socordia
824 2616 904 2666 ortos
925 2604 1156 2667 emendaremus.

223 2690 414 2754 Enotaiimns
450 2700 540 2752 tntam
573 2708 675 2752 eorum
710 2709 784 2770 quos
819 2690 1033 2758 nominavimus
1066 2691 1202 2752 codicum

136 2775 299 2838 lectionum
329 2776 569 2855 discrepantiam,
599 2775 713 2837 omissis
739 2786 837 2837 tamen
859 2793 953 2855 paene
974 2793 1097 2854 prorsus
1119 2776 1202 2836 dille-

136 2861 242 2923 rentiis
263 2861 508 2941 orthographicis,
530 2861 566 2921 de
588 2861 694 2941 quibus
716 2861 750 2922 ll.
773 2860 928 2921 hlerhelius
948 2860 1034 2921 docte
1054 2859 1202 2933 disseruit,

136 2945 240 3026 eisque
261 2945 387 3020 rasuris,
410 2944 519 3025 quibus
548 2945 816 3025 interpunctiones,
843 2945 903 3005 sive
931 2953 1011 3006 recte
1035 2954 1121 3005 erant
1142 2944 1203 3005 sive

136 3029 210 3093 lalso
232 3030 389 3112 adpositae,
412 3030 521 3090 deletas
541 3030 673 3091 videbam
695 3049 767 3092 csse.
839 3045 841 3049 ’

223 3115 257 3177 ln
281 3115 376 3177 rebus
404 3114 639 3194 orthographicis
664 3115 742 3194 leges
770 3130 866 3193 nuper
886 3130 902 3171 a
924 3112 992 3174 riris
1012 3112 1107 3174 doctis
1127 3131 1203 3174 con-

136 3199 254 3262 stitutas
274 3209 394 3263 secutus
416 3216 498 3271 sum,
525 3217 646 3279 parum,
676 3200 796 3279 opinor,
823 3206 921 3258 rectus
942 3215 977 3257 ea
998 3197 1028 3257 in
1051 3216 1098 3270 re,
1121 3198 1201 3276 quod

133 3277 234 3347 ‘haud'
258 3285 375 3367 scripsi,
396 3303 463 3345 cum
482 3274 572 3345 ‘haut‘
596 3283 724 3346 scribere
746 3283 891 3345 deberem.

222 3370 280 3432 Ubi
307 3388 324 3431 a
352 3368 505 3431 codicibus
532 3368 683 3431 videbatur
710 3367 931 3440 discedendum,
965 3375 1085 3428 enotare
1113 3366 1201 3438 rolui,

137 3455 204 3534 quis
226 3473 286 3534 qun
307 3462 429 3517 auctore
449 3454 562 3535 primus
583 3453 611 3515 id
634 3454 758 3515 lecisset.
800 3451 901 3524 Quod,
930 3468 1004 3529 quae
1025 3462 1070 3512 est
1091 3451 1120 3512 in
1145 3451 1202 3512 hoc

136 3539 279 3620 oppidulo
294 3539 440 3602 librorum
455 3539 589 3619 penuria,
611 3556 679 3600 cnm
693 3537 803 3618 ubique
823 3536 886 3598 heri
909 3554 969 3596 non
985 3535 1124 3615 potuerit,
1146 3554 1201 3614 pro

137 3624 276 3687 facultate
298 3624 355 3686 feci
374 3624 459 3704 sique
481 3623 549 3704 quid
571 3623 671 3685 minus
691 3634 772 3684 recte
794 3621 937 3682 monitum
958 3619 1103 3682 ridebitur
1128 3638 1200 3694 esse,

136 3709 254 3770 reniam
282 3710 347 3771 fore
374 3726 473 3789 spero.
517 3709 558 3770 lta
586 3716 682 3769 autem
705 3726 766 3769 rem
789 3706 851 3787 egi,
872 3715 905 3768 nt
929 3704 1070 3768 lectiones
1092 3724 1128 3767 ex
1149 3724 1201 3766 co·

137 3794 254 3856 dicibus
279 3794 502 3875 manuscriptis,
530 3793 749 3873 qualescunque
776 3801 859 3866 sunt,
888 3793 1056 3870 desumptas
1081 3789 1202 3852 nomine

138 3879 269 3955 editoris,
292 3880 344 3960 qui
365 3879 479 3959 primus
500 3878 625 3959 recepit,
649 3878 726 3940 nude
747 3877 880 3959 adposito
901 3875 1112 3955 significarem
1136 3875 1201 3954 qui·
