2692 4230
143 134 184 193 52
603 141 756 195 Aternum.
1116 162 1216 201 cunnus

144 310 322 393 vulneraque
344 312 476 393 adspexit
497 312 647 389 linumque
669 310 773 371 hastile
795 315 963 391 momordit,

144 397 240 478 idque,
263 397 313 458 ubi
335 399 361 458 vi
383 396 474 458 multa
496 402 609 474 partem
625 391 761 455 labefecit
783 395 813 456 in
836 418 965 476 omnem,

143 481 188 542 rix
211 493 292 561 tergo
315 482 438 565 eripuit;
461 480 571 539 ferrum
594 487 691 539 tamen
716 478 830 542 ossibus
851 484 954 548 haesit.

144 577 206 627 tum
228 586 296 628 vero
318 577 472 647 postquam
496 561 598 623 solitas
618 563 742 625 accessit
761 564 796 624 ad
819 566 877 628 iras

144 670 229 713 causa
252 670 364 725 recens,
387 646 483 730 plenis
503 658 677 710 tumuerunt
698 658 816 728 guttura
837 653 929 728 renis,

143 755 305 817 spumaque
326 733 481 816 pestiferos
503 731 681 796 circumfluit
704 732 797 795 albida
820 733 920 812 rictus,

143 833 278 902 terraque
300 837 363 881 resa
382 827 472 886 ¹sonat
493 819 633 896 squamis,
656 819 765 901 quique
787 817 895 880 halitus
917 823 973 883 exit

144 924 195 966 ore
217 907 302 985 niger
324 902 435 981 Stygio,
456 900 570 964 vitiatas
591 903 684 966 inlicit
705 922 800 965 auras.

143 990 206 1071 ipse
228 990 315 1051 modo
337 987 505 1047 inmensum
529 987 617 1068 spiris
639 988 814 1052 iacientibus
836 987 937 1049 orbem

143 1075 280 1154 cingitur,
302 1071 449 1132 interdum
471 1070 560 1152 longa
582 1073 664 1136 trabe
686 1075 794 1137 rectior
815 1073 917 1147 adstat,

142 1158 252 1239 impete
275 1174 355 1218 nunc
375 1166 456 1217 vasto
478 1175 533 1218 ceu
556 1158 692 1222 concitus
713 1159 857 1221 imbribus
878 1157 974 1220 amnis

143 1244 234 1303 lertur
257 1253 285 1302 et
306 1241 455 1304 obstantes
476 1243 633 1323 proturbat
654 1255 773 1325 pectore
794 1244 889 1307 silvas.

143 1326 219 1386 cedit
242 1326 424 1406 Agenorides
445 1327 568 1409 paulum
589 1328 745 1409 spolioque
766 1330 860 1391 leonis

143 1412 267 1472 sustinet
288 1411 425 1474 incursus
446 1413 647 1494 instantiaque
669 1433 720 1474 ora
743 1416 869 1475 retardat

143 1497 262 1578 cuspide
285 1507 445 1578 praetenta.
488 1498 561 1558 lurit
581 1496 631 1558 ille
653 1508 683 1558 et
704 1498 801 1558 inania
823 1498 897 1559 duro

141 1581 261 1644 vulnera
282 1583 332 1643 dat
354 1583 431 1642 lerro
453 1581 576 1660 figitque
598 1582 628 1641 in
650 1580 787 1641 acumine
808 1582 919 1642 dentes.

143 1666 258 1748 iamque
279 1666 448 1727 venenifero
470 1665 591 1742 sanguis
613 1681 732 1725 manare
754 1665 849 1745 palato

142 1762 279 1833 coeperat
300 1760 327 1810 et
349 1749 456 1808 virides
477 1748 653 1829 adspergine
675 1750 800 1811 tinxerat
822 1750 944 1812 herbas:

142 1838 193 1897 sed
215 1836 276 1897 leve
299 1833 405 1894 vulnus
427 1843 499 1908 erat,
523 1832 590 1913 quia
613 1853 645 1894 se
667 1836 832 1896 retrahebat
854 1835 889 1897 ab
913 1836 973 1899 ictu

141 1920 276 1999 laesaque
298 1918 372 1979 eolla
395 1918 481 1978 dabat
502 1928 581 1979 retro
605 1918 779 1999 plagamque
801 1920 902 1981 sedere

142 2005 271 2065 cedendo
293 2003 411 2064 arcebat
433 2022 488 2064 nec
511 2003 630 2082 longius
651 2004 696 2064 ire
718 2002 841 2076 sinebat,

140 2090 235 2150 donee
257 2088 437 2167 Agenorides
459 2088 626 2150 coniectum
648 2088 678 2148 iu
701 2098 818 2166 guttura
842 2089 952 2150 lerrum

139 2193 233 2255 usque
255 2192 383 2253 sequens
405 2174 523 2253 pressit,
545 2174 615 2234 dum
637 2189 716 2234 retro
741 2193 866 2254 quercus
882 2174 964 2236 eunti

140 2259 260 2331 obstitit,
284 2269 312 2319 et
334 2259 389 2318 lixa
413 2269 457 2318 est
480 2259 588 2337 pariter
609 2277 677 2319 cum
700 2259 807 2320 robore
828 2259 934 2320 cervix.

139 2344 270 2424 pondere
293 2341 438 2422 serpentis
461 2354 576 2403 curvata
600 2354 645 2403 est
665 2343 754 2404 arbor
777 2356 804 2404 et
827 2344 901 2405 imae

139 2441 221 2508 parte
243 2427 382 2506 llagellari
406 2427 519 2504 gemuit
539 2445 591 2488 sua
614 2428 719 2489 robora
744 2430 861 2490 caudae.

139 2513 208 2573 dum
231 2512 356 2592 spatium
378 2511 471 2572 victor
492 2511 560 2572 victi
583 2513 750 2575 considerat
770 2514 872 2588 bostis,

138 2615 192 2658 vox
215 2598 313 2658 subito
335 2596 432 2657 audita
455 2607 514 2669 est;
538 2616 635 2677 neque
657 2610 719 2660 erat
741 2616 920 2677 cognoscere
942 2607 1127 2680 promptum,

140 2684 227 2756 unde,
250 2682 300 2742 sed
323 2682 419 2742 audita
443 2691 503 2741 est:
524 2675 620 2762 ‘quid,
643 2687 778 2762 Agenore
801 2694 877 2757 nate,
900 2694 1085 2765 peremptum

139 2779 305 2848 serpentem
328 2763 463 2846 spectas?
485 2777 513 2827 et
536 2776 569 2827 tu
592 2768 761 2848 spectabere
783 2759 924 2850 serpens'

139 2851 188 2913 ille
210 2853 260 2914 diu
283 2851 404 2933 pauidus
427 2851 535 2932 pariter
557 2871 624 2914 cum
647 2867 746 2915 mente
767 2853 895 2915 colorem

140 2938 314 3018 perdiderat,
336 2935 493 3017 gelidoque
516 2956 618 2999 comae
639 2949 751 3000 terrore
772 2940 915 3018 rigebant.

139 3041 208 3084 ecce
230 3024 284 3084 viri
306 3022 424 3096 fautrix,
447 3041 570 3104 superas
591 3022 709 3105 delapsa
731 3043 784 3104 per
805 3043 900 3097 auras,

139 3107 233 3168 Pallas
254 3108 335 3168 adest
355 3119 511 3188 motaeque
532 3107 614 3169 iubet
635 3127 803 3189 supponere
824 3121 920 3170 terrae

140 3192 272 3273 vipereos
293 3193 405 3265 dentes,
428 3190 532 3272 populi
554 3193 735 3255 incrementa
757 3194 857 3254 luturi.

140 3288 223 3357 paret
244 3288 284 3350 et,
306 3287 340 3337 ut
360 3296 463 3357 presso
485 3276 600 3338 sulcum
623 3278 759 3358 patefecit
780 3291 885 3350 aratro,

139 3363 250 3442 spargit
272 3361 354 3422 bumi
376 3363 482 3434 iussos,
506 3362 640 3422 mortalia
662 3364 784 3434 semina,
807 3364 919 3424 dentes
1133 3443 1136 3448 Ι
1169 3371 1211 3422 1⁰5

207 3531 238 3580 tt
258 3523 361 3595 bqreti
437 3531 470 3580 to
489 3542 606 3595 quoque,
625 3529 687 3580 iude
704 3545 771 3599 qque
789 3529 813 3581 bl
849 3545 953 3596 quoque
970 3535 998 3592 (a
1014 3545 1049 3580 m.
1067 3545 1121 3579 ree.
1140 3545 1211 3582 corr.

138 3683 262 3798 ifrquue)
280 3675 337 3798 AM
358 3684 390 3733 76
408 3611 544 3800 dtilgsl'asb}
578 3682 704 3739 herbasr
754 3686 787 3735 ib
805 3689 890 3734 exstat
908 3700 947 3762 ςΙ
984 3685 1016 3736 80
1034 3680 1169 3749 proturbat
1184 3696 1210 3757 p.

139 3763 293 3892 mantra
310 3816 365 3867 Bere
401 3748 558 3896 gwglirltture
576 3752 653 3871 codd
663 3749 976 3874 om.9ptwmspoppeprte
992 3749 1049 3870 illm
1068 3756 1212 3880 tddt‘lmnial:

124 3879 250 3944 mque]
300 3887 351 3935 101
369 3891 396 3936 et
414 3900 541 3953 impresso
559 3906 575 3944 ς
629 3890 676 3940 too
695 3894 798 3955 sparget
814 3885 840 3938 M
