2692 4230
141 124 237 160 seneen
578 108 615 171 lll,
635 109 777 161 tos-att.

140 289 170 341 et
191 278 317 359 genibus
339 279 444 362 pronis
465 278 590 358 supplex
613 279 774 360 similisque
796 279 910 360 roganti

137 365 308 427 circumfert
329 364 435 426 tacitos
457 372 603 443 tamquam
627 385 677 429 sua
701 367 836 428 bracchia
858 365 965 427 tultus.

138 464 168 512 at
189 453 313 512 comites
335 446 472 527 rapidum
495 449 590 513 solitis
612 451 776 513 hortatibus
798 470 902 530 agmen

56 572 58 576 -
138 535 232 615 ignari
255 533 400 610 instigant
422 532 576 616 oculisque
597 541 743 598 Actaeona
766 548 921 614 quaeruut,

139 631 168 681 et
190 618 267 679 velut
289 615 443 678 absentem
466 621 597 682 certatim
621 623 767 680 Actaeona
790 619 916 681 clamant

139 706 186 778 (ad
208 719 318 763 nomeu
342 711 432 782 caput
453 703 503 766 ille
524 706 625 780 refert)
647 716 676 764 et
697 703 798 763 abesse
820 716 996 782 queruntur,

139 807 193 849 nec
216 804 321 864 capere
344 786 459 850 oblatae
481 807 603 868 segnem
624 787 789 867 spectacula
813 787 944 867 praedae.

136 870 223 932 vellet
244 870 348 932 abesse
371 873 501 951 quidem,
524 874 574 936 setl
597 872 693 942 adest;
716 871 861 953 velletque
884 873 990 946 videre,

138 974 198 1016 non
222 955 309 1016 etiam
332 958 443 1020 sentire
465 977 572 1021 mnum
595 957 655 1017 lero
679 957 753 1019 lacta
775 976 905 1019 suorum.

136 1039 267 1119 undique
290 1041 484 1106 circumstant
505 1041 670 1121 mersisque
693 1041 722 1102 in
746 1061 871 1123 corpore
893 1043 996 1106 rostris

136 1123 296 1187 dilacerant
318 1128 383 1189 lalsi
406 1129 559 1189 dominum
582 1127 638 1187 suh
661 1127 787 1207 imagine
810 1128 896 1188 cervi.

222 1209 335 1274 Rumor
357 1214 389 1274 in
412 1212 551 1291 ambiguo
575 1220 634 1273 est:
658 1212 722 1273 aliis
744 1213 898 1273 violentior
919 1231 1015 1294 aequo

134 1293 193 1356 visa
216 1297 269 1358 dea
292 1309 346 1371 est,
369 1297 418 1358 alii
434 1297 555 1359 laudent
575 1297 753 1377 dignamque
775 1315 871 1358 seuera

135 1379 301 1460 virginitate
322 1391 449 1455 vocaut3
473 1401 542 1462 pars
564 1381 675 1444 invenit
697 1391 820 1460 utraque
842 1401 954 1443 causes.

134 1466 196 1527 sola
218 1465 295 1527 lovis
317 1465 450 1527 coniunx
473 1485 533 1528 uon
557 1475 615 1529 mm
639 1465 777 1545 culpetne
800 1466 943 1545 probetne

136 1551 296 1631 eloquitur,
321 1569 411 1630 quam
433 1550 516 1613 clade
538 1552 644 1613 tomus
665 1551 701 1611 ah
724 1553 860 1630 Agenore
882 1552 986 1613 (luctae

135 1636 241 1714 gaudet
264 1644 294 1695 et
314 1654 334 1695 a·
353 1634 440 1714 Tyria
463 1636 620 1699 collectum
645 1635 737 1714 pelice
760 1637 898 1698 translert

135 1720 164 1780 in
188 1719 307 1797 generis
329 1720 429 1782 socios
451 1721 560 1782 odium.
606 1720 686 1782 subit
708 1739 776 1782 ecce
798 1721 890 1800 priori

135 1823 222 1865 causa
245 1822 361 1878 recens,
385 1804 592 1886 gravidamque
615 1805 694 1867 ‹lolet
715 1807 751 1867 de
773 1805 885 1868 semine
907 1807 1006 1885 magni
1105 1837 1109 1846 ·

134 1907 199 1950 esse
221 1888 298 1950 lovis
321 1889 468 1952 Semelen.
513 1902 575 1952 tum
599 1891 729 1970 linguam
750 1892 785 1952 atl
809 1891 902 1970 iurgia
926 1891 1021 1953 solvit.

129 1967 259 2056 ‘proieci
282 1975 354 2054 quid
378 1976 458 2059 enim
480 1976 589 2038 totiens
613 1996 665 2058 per
688 1977 780 2055 iurgia
789 1971 814 2036 ‘l‘
839 1978 927 2038 dixit:

129 2051 205 2141 ‘ipsa
228 2061 356 2140 petenda
379 2061 451 2122 mibi
474 2071 528 2131 est,
550 2061 655 2142 ipsam,
677 2061 702 2123 si
725 2063 847 2125 maxima
870 2062 945 2122 luno

134 2145 189 2206 rite
213 2163 312 2218 vocor,
335 2147 467 2225 perdant,
489 2146 513 2206 si
536 2164 584 2206 me
606 2147 782 2224 gemmantia
804 2146 905 2207 <lextra

131 2240 247 2309 sceptra
271 2240 373 2291 tenere
395 2230 489 2304 (lecet,
512 2231 537 2291 si
560 2249 625 2292 sum
648 2231 748 2310 regina
771 2230 906 2310 lovisque

133 2326 162 2376 et
184 2333 269 2376 soror
290 2325 320 2376 et
343 2315 485 2389 coniunx,
508 2325 589 2377 certe
611 2335 704 2378 soror.
748 2327 786 2389 at,
810 2329 892 2396 puto,
916 2317 994 2378 lurto
1018 2328 1062 2379 est

132 2409 282 2472 contenta,
306 2408 336 2460 et
360 2399 477 2462 thalami
501 2399 597 2463 brevis
620 2410 665 2464 est
686 2400 792 2463 iniuria
816 2401 917 2463 nostri.
942 2436 982 2446 -

132 2485 274 2565 concipit,
297 2484 326 2545 iu
349 2486 460 2560 deerat,
482 2487 695 2567 mouilestaque
716 2486 839 2548 crimina
863 2487 951 2566 pleno

133 2569 189 2630 lert
210 2581 295 2631 utero
318 2580 348 2630 et
369 2581 474 2645 mater,
497 2573 577 2652 quod
599 2572 646 2632 vix
668 2572 738 2632 mihi
760 2570 895 2648 contigit,
918 2589 978 2632 uno

132 2654 168 2714 de
191 2652 258 2714 love
279 2654 341 2715 vult
365 2655 444 2716 fieri:
468 2666 549 2718 tanta
572 2666 617 2717 est
639 2656 744 2717 fiducia
766 2656 887 2717 lormae.

133 2738 213 2801 lallet
235 2757 298 2800 eam
323 2739 406 2814 laro;
431 2759 488 2802 nec
509 2759 573 2802 sum
598 2741 743 2813 Saturnia,
766 2739 790 2801 si
815 2760 875 2802 non

131 2824 168 2886 ah
190 2823 258 2884 love
280 2843 376 2885 mersa
399 2843 453 2886 suo
477 2825 592 2905 Stygias
615 2826 780 2906 penetrabit
800 2826 836 2887 ael
860 2819 971 2887 undas?

218 2909 319 2988 Surgit
341 2909 378 2969 ab
401 2910 448 2971 his
470 2910 545 2971 solio
568 2910 704 2991 lulvaque
725 2912 875 2973 recondita
901 2911 979 2972 nube

134 2994 223 3056 limen
247 2995 307 3055 adit
331 2993 471 3056 Semeles.
517 3015 573 3056 nec
596 2997 689 3058 nubes
711 3005 778 3057 ante
801 2997 934 3069 removit,

130 3131 335 3140 -----

132 3229 179 3264 nec
197 3213 245 3264 nisi
264 3212 338 3264 linita
358 3214 527 3280 perplurima
547 3213 652 3266 vulnere
670 3215 721 3264 rita
1170 3227 1206 3268 tot

133 3281 169 3332 ira
189 3281 349 3346 pharetratae
370 3281 449 3333 lerttrr
467 3282 559 3334 satiate
578 3281 671 3334 Ilionae
1169 3295 1207 3335 est

198 3506 248 3556 242
266 3503 435 3559 latratibusr
488 3507 537 3558 243
556 3521 606 3571 quc
626 3502 703 3556 om.t
755 3507 802 3558 246
822 3501 959 3571 opteteel
1006 3504 1204 3565 llinideretre

130 3570 254 3635 ecrilhl
317 3574 367 3624 248
386 3570 469 3623 latae
521 3575 570 3625 250
589 3572 718 3625 dominum
736 3570 828 3624 lelsil
886 3575 986 3626 notet
1006 3573 1205 3625 delendoscen·

128 3727 184 3775 suit
200 3725 288 3776 Helm.
337 3664 457 3790 virginlle
475 3723 501 3774 bl
554 3727 600 3776 261
622 3725 680 3777 dum
700 3730 767 3777 conl.
785 3727 898 3776 Botbtus
967 3727 1014 3778 att
1041 3674 1160 3792 contllpte
1179 3724 1204 3774 Μ

130 3791 215 3844 breris
233 3799 273 3844 est
292 3792 396 3843 thalami
416 3813 428 3844 ε
481 3796 530 3845 269
549 3810 600 3845 nno
619 3809 711 3858 ronige
730 3794 754 3844 hl
773 3812 789 3843 o
809 3811 842 3845 m.
863 3798 885 3858 t,
903 3793 1029 3860 Myca'lluc
1068 3794 1110 3845 tini
1129 3793 1204 3844 codd.

129 3861 179 3912 2ῖ2
197 3861 223 3911 iu
241 3860 322 3913 undas
340 3862 362 3912 ,t
