2692 4230
129 142 296 207 rrrnnaosas
561 124 618 195 llll,
636 127 778 180 tou-tto.

130 305 229 379 turget
250 308 280 361 et
301 297 427 361 insolida
449 306 493 358 est
517 305 546 358 et
567 315 621 379 spe
642 296 767 360 delectat
787 303 927 377 agrestes.

130 385 229 446 omnia
252 395 324 446 tune
346 383 464 455 dorent,
485 381 654 464 florumque
676 382 826 446 eoloribus
846 379 941 444 almos

130 467 206 531 ludit
227 487 308 549 ager,
331 483 429 546 neque
450 465 547 531 adbuc
569 468 661 531 virtus
682 469 712 531 in
735 466 889 533 frondibus
910 464 979 530 ulla>
992 475 1046 527 est.

129 554 235 616 transit
256 554 287 615 in
310 559 449 612 aestatem
471 561 540 633 post
561 572 612 624 ver
631 552 782 615 robustior
802 571 900 615 annus

130 638 222 719 fitque
244 637 345 698 valens
366 634 498 714 iuvenis;
522 656 620 720 neque
642 637 722 699 enim
744 637 895 700 robustior
915 647 995 699 aetas
1094 683 1113 688 .-

130 721 188 784 ulla
213 739 269 783 neo
291 719 420 797 uberior,
443 740 501 784 nee
522 740 599 802 quae
620 721 713 798 magis
734 720 843 796 ardeat,
865 720 924 784 ulla
946 731 1000 784 est.

129 806 239 888 exeipit
260 812 431 883 autumnus,
453 806 552 887 posito
575 808 690 867 fervore
712 803 847 866 iuventae

130 899 263 953 maturus
286 889 424 972 mitisque
445 891 524 953 inter
544 890 739 968 iuvenemque
761 906 922 969 senemque

130 973 272 1055 temperie
294 976 419 1050 medius,
442 992 564 1055 sparsus
586 991 705 1054 quoque
727 980 858 1054 tempora
882 975 972 1036 oanis.

130 1059 199 1120 inde
221 1060 323 1122 senilis
345 1060 439 1122 hiems
461 1056 588 1120 tremulo
611 1059 690 1120 venit
711 1058 829 1120 horrida
851 1077 950 1139 passu.

129 1152 179 1204 aut
202 1146 326 1226 spoliata
348 1162 429 1218 suos,
450 1150 501 1206 ant
523 1161 600 1225 quos
621 1142 717 1218 babet,
739 1142 804 1206 alba
826 1142 958 1225 capillos.

131 1239 231 1291 nostra
253 1246 374 1310 quoque
396 1228 529 1309 ipsorum
551 1247 669 1309 semper
691 1229 853 1310 requieque
873 1229 938 1290 sine
960 1227 1019 1291 ulla

130 1332 257 1394 corpora
280 1322 442 1388 vertuntur,
466 1333 532 1388 nee,
555 1314 635 1395 quod
657 1314 802 1376 tutnnsve
823 1332 971 1390 snmusve,

130 1417 195 1459 eras
219 1398 356 1461 erimus..
382 1398 440 1461 luit
460 1399 510 1460 illa
532 1399 605 1473 dies,
628 1417 686 1479 qua
707 1397 820 1459 semina
842 1406 961 1468 tantum

130 1501 259 1564 spesque
282 1484 437 1546 bominum
459 1483 572 1564 primae
594 1483 696 1544 matris
716 1481 892 1546 latitavimus
912 1483 985 1545 alvo.

127 1568 258 1630 artifices
281 1579 385 1630 natura
406 1585 513 1630 manus
533 1567 662 1629 admovit
684 1577 712 1629 et
734 1567 803 1646 angi

130 1671 255 1734 corpora
277 1646 440 1715 visceribus
461 1651 607 1715 distentae
627 1652 744 1715 condita
767 1652 869 1715 matris

131 1738 225 1799 noluit
249 1756 325 1819 eque
346 1738 435 1800 domo
457 1755 564 1800 saeuas
585 1737 682 1800 emisit
703 1738 734 1798 in
758 1755 852 1800 auras

84 1886 87 1894 ‚
129 1823 226 1883 editus
248 1823 278 1884 in
301 1822 397 1884 lucem
420 1823 511 1885 iaouit
532 1822 599 1885 sine
620 1822 731 1884 viribus
753 1822 867 1898 inlans3

130 1924 197 1968 mor
220 1908 388 1990 quadrupes
409 1907 530 1988 rituque
552 1906 621 1970 tulit
641 1926 693 1970 sua
715 1905 846 1969 membra
868 1906 995 1968 terarum

131 1992 330 2074 paulatimque
352 2004 483 2055 tremens
505 2001 534 2055 et
557 1993 689 2054 nondum
711 1993 826 2074 poplite
846 1992 932 2054 firmo

100 2111 103 2117 ν
129 2077 262 2139 constitit
284 2076 391 2139 adiutis
413 2076 513 2158 aliquo
536 2077 692 2139 conamine
715 2077 821 2139 nervis

130 2161 200 2223 inde
222 2161 322 2223 valens
343 2160 486 2241 veloxque
508 2161 565 2223 fuit
587 2162 773 2243 spatiumque
794 2161 929 2222 iuventae

130 2246 249 2322 transit;
274 2257 304 2309 et
325 2246 455 2308 emeritis
477 2247 564 2309 medii
588 2265 707 2328 quoqne
727 2245 869 2327 temporis
889 2244 977 2307 annis

131 2330 238 2393 labitur
260 2331 477 2413 oooiduaeper
498 2332 554 2394 iter
576 2332 688 2394 declive
708 2341 853 2394 senectae.
936 2340 940 2350 '

130 2415 247 2477 subruit
269 2418 343 2479 haec
364 2417 426 2478 aevi
448 2417 667 2498 demoliturque
688 2416 796 2497 prioris

130 2498 248 2575 robora,
270 2501 381 2581 detque
402 2500 494 2563 llilon
517 2502 629 2576 senior,
651 2519 718 2563 oum
740 2508 855 2582 spectat
875 2499 979 2561 inanes

131 2584 207 2659 illos,
232 2585 282 2665 qui
306 2586 422 2647 luerent
443 2586 606 2648 solidorum
630 2587 707 2648 mole
728 2597 861 2647 tororum

131 2668 285 2732 Herculeis
307 2671 426 2743 similes,
448 2671 556 2735 fluidos
577 2673 707 2753 pendere
728 2671 864 2733 lacertos.

130 2755 181 2815 llet
205 2773 334 2836 quoque,
357 2765 390 2817 ut
411 2757 441 2817 in
465 2757 588 2837 speeulo
610 2775 699 2835 rugas
719 2755 852 2836 adspexit
872 2754 975 2827 aniles,

129 2838 275 2919 Tyndaris
297 2851 327 2902 et
347 2859 459 2917 seeum,
481 2860 536 2904 our
558 2843 596 2904 sit
618 2841 664 2903 bis
685 2849 779 2922 rapta,
800 2839 932 2920 requirit.

131 2934 248 3006 tempus
269 2925 341 2987 edax
364 2944 473 3000 rerum,
496 2938 598 3008 tuque,
621 2927 762 2988 invidiosa
784 2934 923 2997 vetustas,

131 3010 230 3071 omnia
253 3010 403 3073 destruitis
423 3011 581 3092 vitiataque
602 3012 741 3074 dentibus
762 3011 822 3072 aevi
1159 3017 1201 3067 235

131 3095 271 3175 paulatim
294 3095 373 3156 lenta
395 3097 570 3158 consumitis
593 3097 691 3158 omnia
713 3107 818 3157 morte.

217 3180 296 3241 llaee
319 3198 438 3260 quoque
460 3198 521 3242 non
545 3191 686 3262 perstant,
713 3198 789 3261 quae
811 3197 867 3241 nos
888 3176 1031 3239 elementa
1054 3193 1201 3249 vocamus,

131 3283 265 3345 quasque
288 3264 365 3326 vices
387 3276 539 3346 peragant,
562 3267 676 3327 animos
698 3265 843 3336 adhibete,
865 3261 987 3325 docebo.

131 3359 271 3429 quattuor
292 3358 431 3411 aeternus
452 3350 589 3430 genitalia
612 3369 736 3431 eorpora
761 3349 888 3411 mundus

130 3434 273 3496 eontinet.
317 3454 352 3495 ex
375 3434 433 3497 illis
454 3436 513 3497 duo
536 3446 605 3498 sunt
627 3455 750 3498 onerosa
773 3452 887 3514 suoque
1157 3441 1201 3491 tto

198 3622 249 3675 2⁰5
266 3618 333 3672 ridet
351 3634 411 3687 ager
429 3619 518 3671 Hom.
582 3623 631 3673 etr
651 3621 731 3687 primo
750 3619 888 3686 matrisque
906 3616 922 3669 lt
982 3623 1094 3668 materna
1113 3617 1203 3669 Hom.

130 3688 335 3744 babitarimuss·
386 3688 559 3741 cubitaiimus
577 3692 647 3740 roni.
665 3686 766 3738 ilerd.¹
817 3686 974 3738 latitasimus
992 3688 1094 3737 conieci
1151 3688 1201 3738 226

130 3806 255 3859 meritislr
302 3808 351 3859 227
365 3807 560 3874 oeelexigoeb
608 3809 657 3859 222
671 3768 771 3875 detq&
817 3805 1202 3862 tttsottdaroneemdletns.

131 3890 227 3927 morer
280 3880 392 3927 tororum
405 3891 453 3927 em,
467 3877 555 3927 Heius.
607 3876 743 3931 [erorume
796 3872 1015 3940 tttspeeutnns
1060 3871 1215 3934 insse-<xxix

183 3965 262 4015 ortd,
277 3965 366 4009 Horam.
979 3955 1023 4004 ‘tu
