2692 4230
218 123 337 162 armeus
354 125 387 161 nr
404 125 492 163 ruisse
655 107 696 171 tr,
718 110 857 161 ros-tto.

218 291 249 341 et
271 280 377 344 laniata
400 299 498 343 comas
518 278 710 360 amplexaque
731 298 839 362 corpus
860 292 988 342 amatum

220 367 343 429 rulnera
365 365 512 447 supplerit
533 362 659 426 lacrimis
681 365 841 447 fletumque
862 366 961 428 cruori
1048 382 1050 387 ·

219 452 342 514 miscuit
365 462 392 512 et
415 447 518 528 gelidis
539 447 570 508 in
592 449 720 512 vultibus
741 453 840 512 oscula
862 453 957 531 figens

219 537 396 618 „Pyrame“‚
418 533 550 593 clamavit
572 536 659 615 „quis
682 545 711 596 te
733 536 803 595 mihi
826 554 913 597 casus
934 532 1063 598 ademit?

217 622 353 702 Pyrame
375 617 536 696 responde:
560 628 608 681 tua
630 631 659 683 te
681 620 826 682 carissima
849 619 958 682 Thisbe

219 707 372 769 nominat:
397 702 498 762 exaudi
522 704 678 786 vultusque
699 703 798 764 attolle
820 703 986 766 iacentesl“

218 793 254 853 ad
278 805 388 850 nomen
410 785 535 850 Thisbes
558 791 660 852 oculos
682 789 736 849 iam
760 798 853 848 morte
876 800 1009 867 gravatos

217 877 362 954 Pyramus
384 873 476 934 erexit
496 876 615 957 visaque
636 873 795 936 recondidit
820 871 877 933 illa.

217 975 295 1039 quae
318 965 472 1037 postquam
495 973 663 1041 vestemque
685 977 765 1018 suam
788 958 927 1036 cognorit
949 967 978 1020 et
999 977 1070 1020 ense

216 1042 290 1104 vidit
312 1040 386 1103 ebur
406 1062 538 1119 vacuum,
562 1056 631 1120 „tua
653 1054 681 1104 te
703 1046 826 1103 manus“
851 1043 946 1123 inquit
969 1062 1130 1126 „amorque

217 1126 357 1209 perdidit,
380 1128 490 1191 inlelix.
535 1139 629 1191 estet
651 1129 722 1189 mihi
744 1128 828 1189 fortis
850 1129 880 1189 in
904 1147 998 1190 unum

216 1214 276 1275 boc
299 1231 415 1287 manus,
438 1226 482 1275 est
503 1225 531 1275 et
552 1232 649 1275 amor:
673 1213 752 1274 dabit
773 1215 820 1274 hic
842 1213 872 1274 in
896 1213 1016 1276 vulnera
1038 1215 1123 1278 vires

216 1317 381 1380 persequar
403 1299 563 1360 extinctum
586 1299 695 1379 letique
718 1299 879 1360 miserrima
901 1298 981 1360 dicar

217 1402 306 1446 cansa
330 1402 487 1463 comesque
508 1383 568 1457 tui;
592 1383 701 1464 quique
723 1404 739 1445 a
761 1403 807 1445 me
828 1395 924 1445 morte
945 1383 1044 1446 revelli

216 1471 277 1532 heu
300 1469 363 1530 sola
385 1479 511 1548 poteras,
535 1469 644 1547 poteris
667 1487 721 1529 nec
743 1479 836 1529 morte
858 1467 968 1530 revelli.

217 1555 277 1616 hoc
298 1565 396 1614 tamen
420 1551 573 1614 amborum
596 1554 692 1615 verbis
714 1563 806 1613 estote
827 1555 933 1632 rogati,

218 1659 236 1700 o
258 1637 384 1700 multum
408 1638 506 1698 miseri
529 1657 613 1700 meus
635 1638 772 1717 illiusque
794 1649 942 1717 parentes,

216 1737 252 1787 ut
273 1740 350 1803 quos
372 1734 471 1784 certus
491 1742 583 1796 amor,
606 1741 683 1803 quos
704 1724 775 1784 hora
798 1723 953 1784 norissima
977 1723 1081 1798 iunxit,

217 1808 349 1890 conponi
372 1807 487 1869 tumulo
511 1826 571 1869 non
594 1809 745 1870 invideatis
768 1808 880 1868 eodem.

215 1904 246 1956 at
268 1903 300 1954 tu
324 1911 399 1974 quae
420 1893 510 1954 ramis
531 1892 619 1955 arbor
640 1892 804 1954 miserabile
826 1910 936 1973 corpus

217 1998 300 2040 nunc
321 1978 397 2058 tegis
418 1979 517 2053 unius,
538 1997 606 2040 mox
629 1998 661 2040 es
681 1989 793 2039 tectura
815 1978 952 2051 duorum,

216 2064 300 2144 signa
324 2073 392 2125 tene
414 2064 511 2125 caedis
533 2064 688 2145 pullosque
711 2073 741 2124 et
761 2063 889 2124 luctibus
910 2074 996 2142 aptos

216 2168 335 2230 semper
356 2148 433 2209 habe
454 2149 540 2221 letus,
563 2149 673 2227 gemini
695 2160 885 2209 monumenta
908 2147 1051 2208 cruoris.“

216 2235 290 2295 dixit
312 2244 342 2294 et
364 2243 461 2314 aptato
478 2244 587 2314 pectus
609 2252 751 2295 mucrone
773 2231 828 2293 sub
851 2233 942 2293 imum

216 2318 351 2380 incubuit
375 2319 464 2391 terro,
492 2319 570 2399 qnod
592 2319 688 2380 adhuc
710 2339 726 2380 a
749 2319 836 2380 caede
859 2318 986 2399 tepebat.

215 2416 281 2464 rota
304 2415 402 2465 tamen
425 2404 547 2483 tetigere
570 2404 650 2479 deos,
673 2405 794 2483 tetigere
817 2413 974 2483 parentes:

217 2507 285 2550 nam
309 2488 391 2550 color
413 2488 443 2549 in
465 2507 555 2571 pomo
578 2502 632 2563 est,
654 2490 705 2551 ubi
729 2489 932 2570 permaturuit,
953 2497 1026 2562 ater,
1251 2499 1294 2548 165

216 2575 357 2654 quodque
379 2574 460 2653 rogis
481 2585 626 2655 superest,
649 2595 707 2637 una
729 2574 888 2655 requiescit
909 2573 940 2633 in
963 2566 1058 2634 urna?

303 2659 444 2733 Desierat,
467 2659 655 2741 mediumque
677 2661 731 2721 luit
753 2660 840 2720 breve
862 2669 989 2738 tompus,
1013 2668 1040 2719 et
1063 2674 1129 2718 orsa
1153 2668 1197 2717 est
1235 2723 1237 2728 ,

216 2745 315 2805 dicere
337 2743 512 2805 Leuconoe:
536 2762 636 2805 rocem
661 2754 782 2805 tenuere
804 2761 930 2804 sorores

212 2821 308 2890 ‘hunc
331 2848 460 2910 quoque,
482 2830 594 2891 siderea
618 2830 666 2910 qui
689 2839 831 2910 temperat
853 2829 951 2889 omnia
974 2826 1051 2901 luce,

216 2914 296 2994 cepit
318 2933 401 2975 amor
424 2913 538 2975 Solem:
563 2914 640 2975 Solis
662 2917 823 2976 referemus
844 2932 969 2974 amores.
1251 2924 1294 2973 tto

217 3001 331 3080 primns
353 3000 528 3061 adulterium
552 2999 672 3061 Veneris
696 3019 762 3061 cum
785 2999 876 3058 blarte
899 3008 1019 3078 putatur

216 3085 265 3145 hic
287 3084 394 3146 vidisse
417 3085 505 3146 deus:
529 3085 607 3146 ridet
628 3085 677 3146 bic
699 3086 769 3145 deus
793 3083 891 3144 omnia
915 3085 1037 3163 primus.

216 3170 342 3231 indoluit
365 3170 442 3230 lacto
464 3171 725 3250 lunonigenaeque
748 3170 851 3230 marito

217 3256 294 3316 lurta
317 3256 373 3316 tori
396 3255 525 3335 furtique
548 3256 645 3316 locum
667 3256 848 3317 monstrarit.
872 3263 902 3315 at
925 3253 966 3315 illi

287 3461 335 3510 110
354 3453 478 3508 cruorel
549 3461 595 3509 113
617 3457 742 3522 responde
761 3455 983 3509 i.r.am.3hl
1055 3458 1101 3507 115
1129 3456 1154 3506 in
1173 3454 1292 3506 morteC

213 3524 267 3645 pam
285 3539 318 3576 m.
337 3544 350 3575 ε
369 3524 497 3585 &osorius
569 3528 615 3643 ipo
635 3524 683 3575 bor
702 3525 788 3575 Hebes.
842 3525 944 3576 haech
997 3528 1037 3575 est
1054 3523 1115 3573 add.
1133 3521 1173 3572 ht·
1245 3526 1292 3575 154

244 3593 293 3646 hoe
613 3608 643 3643 us

246 3662 324 3713 hece
377 3660 452 3711 hisC
508 3663 553 3713 155
573 3659 682 3727 merffllp
701 3660 725 3711 bl
780 3661 857 3712 nostri
877 3657 910 3710 2¹
963 3675 1022 3727 moy
1042 3655 1075 3709 λ’
1141 3661 1189 3710 156
1207 3663 1292 3709 certus

215 3733 282 3789 (ertu
302 3734 321 3780 i.
339 3745 362 3780 r.
382 3745 398 3779 α
416 3744 450 3780 m.
467 3730 494 3792 3)
512 3728 537 3780 Μ
592 3732 639 3782 159
657 3729 743 3781 caedis
761 3735 787 3781 et
805 3729 942 3795 pullosque
960 3725 976 3779 λ
1031 3730 1075 3779 161
1097 3727 1253 3779 monimenta
1271 3729 1293 3778 h

218 3802 267 3851 166
283 3799 354 3863 rogis
372 3799 390 3847 ι’.
408 3814 431 3847 r.
450 3814 466 3847 a
484 3797 594 3848 hant
647 3797 769 3864 requiscit
787 3793 819 3847 λ’
886 3799 933 3849 tos
952 3795 1128 3848 leucothoeh
1175 3797 1214 3855 (in
1232 3793 1257 3846 ht
1276 3812 1292 3845 n

215 3883 250 3917 m.
268 3883 322 3917 roc.
340 3865 402 3915 odd.
420 3867 447 3930 n)
500 3881 569 3917 corr.
587 3882 622 3916 ex
639 3867 714 3917 codd.
733 3867 820 3916 Ilcins.
