2692 4230
156 168 323 210 armacenos
592 153 648 221 XV,
665 157 791 210 tta-toa.

156 328 274 392 victima
295 329 362 393 labe
383 344 487 390 carens
509 335 539 389 et
560 328 809 410 praestantissima
832 327 924 390 torma

157 418 239 491 (nam
261 413 407 497 placuisse
431 415 529 486 nocet)
550 415 629 478 vittis
650 414 776 494 insignis
797 422 827 476 et
847 432 919 476 auro

156 499 270 579 sistitur
291 507 360 561 ante
381 513 446 557 aras
467 498 606 581 auditque
628 499 728 580 ignara
750 508 920 580 precantem

155 584 323 666 inponique
344 598 415 643 suae
436 580 513 645 ridet
534 585 612 646 inter
632 601 743 646 cornua
765 585 866 659 tronti,

156 688 230 750 quas
252 666 356 741 coluit,
378 666 479 747 lruges
501 685 699 750 percussaque
721 668 864 746 sanguine
885 669 997 731 cultros

155 754 250 816 inficit
270 752 302 813 in
325 749 436 831 liquida
458 753 607 834 praevisos
627 750 750 812 forsitan
774 752 862 812 unda.

154 838 294 920 protinus
316 845 432 918 ereptas
452 837 560 898 virenti
583 846 703 917 pectore
724 833 813 895 libras

154 919 320 1003 inspiciunt
341 931 515 1001 mentesque
536 921 622 982 deum
645 928 814 981 scrutantur
836 928 865 980 et
887 917 945 980 illis
965 955 1007 966 —

155 1004 248 1084 (unde
270 1006 362 1068 fames
384 1005 497 1069 bomini
519 1005 674 1066 vetitorum
697 1013 776 1067 tanta
799 1001 968 1080 ciboruml)

153 1090 270 1153 audetis
291 1091 380 1166 vesci,
402 1107 498 1168 genus
519 1109 537 1151 o
559 1087 705 1152 mortale?
727 1090 816 1171 quod,
839 1107 902 1165 oro,

154 1193 193 1237 nc
215 1176 315 1250 facite,
337 1183 367 1235 et
389 1174 509 1237 monitis
529 1176 644 1238 animos
665 1175 804 1237 advertite
828 1174 944 1236 nostris.

153 1278 281 1340 cumque
303 1259 393 1320 boum
417 1259 523 1322 dabitis
545 1277 697 1322 caesorum
719 1259 850 1321 membra
874 1260 980 1341 palato,

125 1367 134 1392 ··
153 1345 293 1406 mandere
314 1361 367 1405 vos
387 1354 502 1407 vostros
523 1345 596 1406 scite
618 1353 647 1405 et
667 1344 775 1405 sentite
797 1343 929 1406 colonos.

153 1438 182 1491 ct
205 1428 345 1509 quoniam
368 1430 441 1492 deus
462 1447 513 1491 ora
534 1437 641 1503 moret,
663 1446 769 1508 sequar
791 1446 841 1490 ora
863 1438 1027 1490 moventem
1059 1449 1063 1456 ·

151 1513 207 1575 rite
229 1514 317 1575 deum
340 1512 530 1595 Delphosque
551 1532 633 1575 meos
654 1513 810 1594 ipsumque
833 1513 980 1575 recludam

151 1599 269 1661 aethera
293 1607 322 1661 et
343 1607 485 1678 augustae
506 1598 643 1661 reserabo
666 1597 783 1660 oracula
803 1599 921 1662 mentis.

151 1701 258 1764 magna
281 1701 337 1744 nec
359 1683 487 1762 ingeniis
508 1683 677 1763 investigata
699 1683 832 1764 priorum
874 1679 877 1686 '

151 1785 287 1848 quaeque
309 1768 360 1830 diu
383 1767 505 1842 latuere,
527 1785 640 1830 canam.
683 1767 826 1829 inretire
848 1768 979 1849 peralta

150 1861 237 1926 astra,
260 1851 340 1915 iurat
360 1853 447 1915 terris
469 1863 499 1915 et
518 1853 606 1915 inerti
629 1853 697 1914 sede
718 1851 819 1914 relicta

150 1936 231 1999 nube
253 1937 320 2017 nebi
341 1937 486 2018 validique
508 1937 619 2000 umeris
639 1936 776 1999 insistere
796 1936 922 1999 Atlantis

150 2022 344 2102 palantesque
366 2023 502 2084 homines
524 2023 632 2104 passim
654 2039 689 2084 ae
710 2022 834 2084 rationis
856 2032 976 2100 egentes

149 2106 322 2188 despectare
344 2107 449 2188 procul
471 2108 660 2188 trepidosque
682 2106 854 2187 obitumque
875 2107 1011 2168 timentes

149 2191 192 2253 sic
214 2191 363 2253 exhortari
385 2192 552 2272 seriemque
574 2191 705 2253 evolvere
725 2191 791 2252 fati:

236 2274 261 2338 0
285 2294 381 2356 genus
403 2277 559 2339 attonitum
582 2276 694 2357 gelidae
716 2275 874 2339 tormidine
896 2277 1008 2350 mortis,

149 2360 220 2440 quid
243 2360 343 2441 Styga,
367 2362 436 2442 quid
458 2362 598 2424 tenebras
619 2371 648 2422 et
669 2361 790 2423 nomina
811 2379 885 2422 rana
907 2361 1025 2435 timetis,
1073 2361 1075 2365 ’

148 2445 301 2507 materiem
324 2454 432 2520 ratum,
455 2446 580 2526 salsique
602 2445 731 2527 pericula
753 2443 877 2506 mnndi‘l

149 2547 285 2610 corpora,
308 2531 368 2592 sire
390 2549 480 2610 rogus
502 2532 628 2605 flamma,
651 2548 703 2592 seu
725 2530 790 2592 labe
810 2539 939 2592 vetustas

148 2613 312 2690 abstulerit,
334 2615 408 2678 mala
432 2634 519 2696 posse
541 2617 601 2697 pati
624 2634 683 2678 non
708 2616 766 2676 ulla
789 2615 908 2696 putetis.

148 2709 245 2760 morte
267 2709 369 2762 carent
390 2701 505 2763 animae
527 2718 701 2782 semperque
724 2699 822 2781 priore
844 2698 945 2761 relicta

147 2784 217 2844 sede
240 2786 323 2847 noris
345 2784 482 2847 domibus
503 2785 604 2847 vivunt
625 2785 815 2865 habitantque
837 2794 982 2865 receptae.

147 2867 212 2948 ipsc
235 2887 290 2947 ego
314 2873 394 2946 (nam
416 2871 549 2949 memini)
572 2871 691 2932 Troiani
715 2879 847 2951 tempore
869 2868 938 2930 belli

147 2950 328 3016 Panthoides
350 2954 530 3036 Euphorbus
553 2974 641 3029 cram,
664 2955 712 3017 cui
734 2964 854 3035 pectore
876 2952 1024 3034 quondam

146 3037 241 3099 haesit
263 3039 294 3100 in
317 3040 438 3101 adverso
460 3039 555 3119 gravis
577 3042 658 3101 hasta
681 3039 804 3101 minoris
825 3040 952 3101 Atridae.

146 3123 272 3202 cognovi
295 3123 434 3205 clipeum,
457 3123 553 3187 laevae
574 3125 736 3204 gestamina
758 3133 885 3199 nostrae,

146 3225 243 3288 nuper
265 3207 406 3271 Abanteis
427 3209 538 3290 templo
562 3209 685 3271 lunonis
707 3209 737 3270 in
760 3209 855 3288 Argis.

146 3292 246 3355 omnia
267 3302 430 3370 mutantur,
454 3294 528 3357 nibil
551 3295 661 3356 interit.
705 3304 781 3356 errat
803 3304 832 3356 et
854 3293 936 3354 illinc

1175 3300 1216 3351 165

217 3514 262 3566 tat
284 3513 457 3580 praesignisa
529 3515 575 3567 136
594 3528 730 3580 corporea
801 3515 846 3566 tat
866 3517 991 3563 scrutatur
1009 3512 1025 3563 h
1089 3511 1114 3561 in
1132 3511 1215 3565 illisc

145 3586 172 3632 et
189 3580 241 3633 illis
260 3583 371 3644 conieci,
388 3585 493 3631 mutata
512 3584 727 3648 interpunctione
789 3582 836 3633 138
855 3580 969 3631 ciborum
987 3586 1026 3631 est
1045 3599 1059 3634 ς
1114 3585 1153 3628 est
1171 3579 1215 3627 de-

145 3648 197 3700 bet
267 3651 315 3702 159
342 3651 402 3711 om]
426 3650 560 3701 inmortale
583 3649 825 3701 contundentem
898 3651 944 3700 116
965 3648 1105 3713 evestigata
1127 3647 1214 3696 Heinc.

147 3718 194 3769 111
213 3717 275 3780 alta]
294 3715 406 3769 arduah
478 3721 526 3770 118
545 3721 623 3780 astra]
642 3717 727 3770 altab
799 3716 1003 3768 lindemach
1074 3717 1117 3765 151
1140 3717 1213 3780 trep]

144 3834 331 3901 strepitumque
355 3835 372 3886 h
443 3837 490 3888 ¹52
517 3843 664 3903 sortemque
687 3835 704 3887 h
775 3839 822 3888 154
849 3835 1042 3902 etigia-vaua
1070 3799 1169 3886 culmina
1197 3833 1213 3884 h

146 3904 194 3956 161
213 3902 314 3955 benith
369 3906 416 3956 161
438 3903 470 3953 ab
488 3903 587 3955 antheis
606 3904 621 3955 h
