2692 4230
1 192 3 202 ,
101 130 162 194 184
555 135 710 192 metm
888 150 1063 191 immonsa
1078 151 1167 191 uuus

100 307 316 392 summissoque
337 310 464 374 humiles
484 308 633 369 intrarunt
652 305 762 368 retice
783 317 893 388 postas,

101 393 231 456 membra
252 414 341 458 senex
362 394 460 477 posito
482 386 568 451 iussit
587 385 717 450 relevare
738 391 833 468 sedili,

101 495 163 557 quo
185 479 378 561 superiniecit
398 483 510 538 textum
532 469 606 533 rude
626 470 726 534 sedula
751 473 866 539 Baucis.

99 560 168 625 inde
190 564 256 625 ioco
278 562 409 644 tepidum
430 557 561 620 cinerem
582 554 705 618 dimovit
726 565 756 618 et
779 557 864 637 ignes

99 646 220 709 suscitat
240 648 395 709 hesternos
417 639 556 722 foliisque
577 650 606 703 et
627 641 737 703 cortice
761 640 840 704 sicco

99 731 192 793 nutrit
213 740 243 792 et
263 731 299 792 ad
320 729 451 790 flammas
471 725 569 788 anima
590 726 729 808 producit
749 725 830 787 anili.

98 815 316 895 multifidasque
337 812 414 873 iaces
435 811 615 892 ramaliaque
634 811 714 874 arida
739 818 819 872 tecto

98 899 203 961 detulit
224 907 254 959 et
275 895 381 959 minuit
401 913 553 976 parvoque
573 895 700 959 admovit
721 904 806 957 aeno.

98 983 236 1064 quodque
257 999 329 1041 suus
350 980 480 1043 coniunx
501 981 588 1061 riguo
609 982 779 1061 conlegerat
799 979 896 1063 borto,

96 1077 213 1129 truncat
233 1064 320 1126 holus
341 1062 428 1126 loliis,
471 1065 554 1128 furca
575 1065 651 1129 levat
670 1065 721 1128 ille
746 1063 862 1127 bicorni

97 1149 212 1212 sordida
234 1160 315 1228 terga
337 1149 397 1211 suis
419 1148 506 1228 nigro
527 1151 687 1231 pendentia
711 1150 795 1230 tigno

98 1242 269 1313 servatoque
290 1233 341 1294 diu
361 1243 473 1297 resecat
494 1235 533 1297 ‹le
552 1244 670 1315 tergora
690 1244 803 1317 partem

98 1316 230 1397 exiguam
252 1329 420 1400 aeriamque
441 1320 541 1382 domat
560 1319 741 1383 ferventibus
763 1318 860 1382 undis

180 1401 294 1465 lnteree
315 1404 425 1466 medias
447 1404 553 1467 fallunt
574 1403 761 1466 sermonibus
783 1405 871 1467 horas

97 1486 330 1569 concutiuntque
351 1499 448 1551 torum
470 1488 507 1550 de
528 1487 612 1551 molli
632 1488 765 1550 fluminis
785 1488 852 1550 ulva

97 1569 257 1650 inpositum
279 1571 366 1646 lecto,
387 1573 501 1653 sponda
522 1571 707 1654 pedibusque
728 1570 859 1650 salignis.

94 1655 223 1718 vestibus
244 1658 325 1718 hunc
345 1655 451 1730 velant.
474 1674 547 1736 quas
569 1672 630 1717 non
653 1655 710 1716 nisi
732 1663 866 1736 tempore
886 1656 961 1717 testo

94 1749 225 1802 sternere
246 1749 439 1802 consuerant:
461 1740 513 1801 sed
535 1748 565 1801 et
585 1740 659 1802 baec
679 1738 804 1820 vilisque
823 1748 963 1820 vetusque

93 1825 181 1887 sestis
202 1835 275 1898 erat,
298 1824 375 1887 lecto
397 1842 459 1886 non
481 1824 662 1904 indignanda
683 1823 809 1904 saligno.

96 1909 262 1971 adcubuere
283 1910 340 1971 dei.
383 1927 515 1972 mensam
538 1909 687 1972 succincta
709 1919 896 1989 tremensque

94 1993 179 2074 ponit
199 2012 284 2068 anus,
306 2012 425 2056 mensae
447 1996 498 2056 sed
520 2004 582 2055 erat
603 2011 657 2074 pes
677 1994 783 2055 tertius
804 1993 899 2074 inpar.

94 2086 165 2139 testa
186 2095 288 2159 parem
310 2078 389 2141 lecit
433 2097 509 2159 qnae
530 2087 687 2160 postquam
708 2077 823 2140 subdita
845 2076 951 2139 ebrum

93 2161 222 2237 sustulit,
244 2172 397 2243 aequatam
418 2171 535 2225 mentae
557 2171 665 2225 tersere
686 2162 823 2224 virentes.

94 2247 217 2327 ponitur
238 2247 287 2309 hic
308 2247 421 2309 bicolor
443 2249 576 2310 sincerae
596 2247 668 2310 baca
690 2247 836 2309 Minervae

94 2330 268 2412 conditaque
291 2333 320 2394 in
343 2332 453 2412 liquida
476 2351 566 2394 corna
587 2332 767 2394 autumnalia
792 2333 873 2394 faece

92 2415 243 2497 intibaque
264 2425 294 2478 et
316 2417 396 2479 radix
418 2427 448 2478 et
470 2416 555 2479 lactis
575 2435 669 2479 massa
694 2416 790 2479 coacti

92 2518 203 2582 ovaque
225 2519 284 2563 non
308 2503 367 2564 acri
388 2502 491 2564 leviter
511 2511 623 2564 versata
649 2501 755 2576 favilla,

92 2586 189 2647 omnia
210 2585 357 2648 fictilibus.
400 2588 561 2667 posthaec
582 2587 710 2649 caelatus
731 2584 833 2648 eodem

92 2669 204 2732 sistitur
225 2682 348 2749 argento
370 2680 465 2733 crater
485 2671 684 2752 fabricataque
705 2671 772 2749 rago

91 2753 208 2836 pocula,
229 2774 286 2835 qua
308 2773 377 2817 cava
397 2764 478 2828 sunt,
501 2756 676 2817 flaventibus
697 2754 780 2816 inlita
801 2753 885 2815 ceris.
1114 2761 1158 2812 tto

90 2857 176 2920 parta
199 2856 281 2900 mora
304 2851 357 2914 est.
379 2839 541 2920 epulasque
563 2840 622 2901 loci
644 2840 753 2901 misere
775 2838 912 2900 calentes.

743 2952 808 3006 lteti
828 2969 870 3006 ere

89 3020 198 3090 placitos
215 3020 702 3084 cont.t!ertet²seder.raet1V531
771 2970 874 3074 tenetote
892 3039 906 3071 s
976 3023 1023 3073 641
1043 3020 1120 3088 inque
1138 3022 1157 3073 G

89 3090 139 3142 642
158 3087 227 3142 loliis
243 3085 303 3141 eti.
353 3092 402 3144 646
415 3088 558 3157 perducite
607 3092 657 3143 bl'l
677 3090 720 3142 illa
733 3088 759 3142 tt
810 3106 835 3141 a.
846 3093 896 3143 665
914 3092 961 3154 qui
972 3091 1000 3140 66
1018 3105 1032 3138 a
1048 3088 1157 3156 legitur,

89 3159 119 3207 ist
130 3155 156 3208 bl
173 3156 272 3209 lineola
289 3157 398 3209 inducta
417 3174 434 3209 a
451 3173 487 3208 m.
501 3160 516 3208 b
534 3159 634 3210 delatus
650 3163 706 3222 αις
723 3161 752 3208 in
766 3173 852 3223 marg.
864 3158 992 3223 teguntur
1008 3158 1073 3208 baec
1089 3173 1158 3224 quae

88 3228 117 3275 tn
135 3242 150 3280 c
166 3229 353 3293 quoquotum,
371 3240 484 3291 quorum
496 3225 691 3292 discrepantius
702 3228 810 3278 aandnia
820 3226 931 3277 inoleret:
949 3230 992 3288 (m,
1006 3224 1024 3275 l.
1036 3240 1057 3278 s.
1070 3225 1157 3288 boras)

89 3291 518 3430 btlblttttl‘tltl
531 3292 1156 3429 tbi}”lettit‘tttiltllttt'tlt:

89 3424 396 3496 [fovendus211accipit.
426 3430 450 3480 in
469 3428 553 3481 medio
571 3429 661 3482 tborus
678 3434 719 3480 est
736 3428 768 3482 de
781 3377 901 3481 mollibus
919 3429 986 3481 ulvis
1000 3427 1005 3494 Ι
1020 3428 1156 3496 impositus

89 3498 112 3559 [s
123 3495 184 3547 666.
196 3511 230 3548 aa.
242 3497 274 3559 b,·
289 3497 414 3563 impositis
427 3499 448 3560 a]
466 3496 535 3550 lecto
548 3512 570 3550 e.
583 3513 608 3565 q.
621 3513 641 3549 s.
655 3513 724 3564 quae
734 3499 828 3564 apuria
840 3513 893 3547 esse
904 3497 972 3548 cidit
984 3496 1091 3561 Merkel,
1108 3499 1157 3562 qua·

88 3628 419 3749 biblimpesitumccripss‘t
470 3635 520 3687 663
537 3639 563 3685 et
577 3628 704 3684 terserei
756 3637 892 3700 aequatum
910 3563 1010 3684 meula:
1028 3636 1155 3684 extersere

87 3704 198 3817 menae
215 3783 229 3815 ε
297 3766 358 3817 Post
369 3783 393 3817 o.
405 3770 455 3820 663
468 3769 497 3818 in
512 3787 525 3820 ι
542 3784 576 3819 m.
588 3784 642 3820 reo.
654 3768 773 3819 eddidit:
790 3783 921 3836 pomorum
940 3782 1040 3820 mensae
1058 3766 1154 3820 ducunt

87 3847 168 3900 genus
179 3848 254 3886 omne
267 3834 399 3887 secundae.
452 3838 503 3888 666
521 3836 595 3890 laetis
613 3842 639 3889 et
657 3831 673 3887 λ
724 3838 774 3889 669
792 3835 1048 3903 eodem-argento]
1065 3836 1153 3889 eadem

86 3900 217 3967 -argilla
234 3903 304 3952 eona.
321 3901 355 3952 b.
373 3903 496 3954 Heinsius
564 3906 614 3957 666
632 3918 681 3971 qna
700 3919 735 3954 ec
752 3919 818 3971 quae
836 3920 905 3955 corr.
922 3901 947 3954 bl
1003 3919 1052 3970 que
1070 3899 1086 3955 λ
