2692 4230
129 186 254 224 munaum
270 187 303 224 nr
321 188 444 225 merosus
533 171 585 236 llll,
602 173 745 225 225-292.

216 345 371 406 Proximus
391 351 425 405 ut
445 348 573 413 steterat,
595 350 732 422 spectans
752 340 853 406 altaria
873 342 955 404 vultu
1071 390 1074 396 .

131 430 240 492 tumida
263 427 386 492 terribili
409 443 484 502 „cur
504 428 587 487 non“
610 427 651 488 ait
672 428 804 504 „utimur
825 425 930 491 istisl“

132 533 259 595 cumque
279 514 342 575 suis
363 510 497 590 Gryneus
520 511 667 573 inmanem
690 512 808 576 sustulit
828 531 907 576 aram

131 599 250 679 ignibus
271 609 299 660 et
322 595 449 657 medium
473 595 662 678 Lapitharum
683 597 753 657 iecit
774 598 805 660 in
828 617 931 677 agmen

130 684 333 765 depressitque
354 680 439 754 duos,
462 680 587 744 Brotean
611 690 640 742 et
663 679 765 742 Orion.
810 683 882 744 Orio

130 779 224 831 mater
246 776 309 827 erat
331 764 452 843 Mycale,
475 785 562 846 quam
584 765 739 827 deduxisse
760 767 893 828 canendo

131 872 218 934 saepe
240 848 393 912 reluctanti
416 852 571 912 constabat
592 867 704 911 cornua
726 849 822 913 lunae.

132 956 213 1014 „non
228 935 342 1014 inpune
365 936 451 1009 leres,
473 936 524 997 teli
546 934 634 995 modo
657 933 741 1014 copia
764 936 885 997 deturl“

131 1023 241 1083 dixerat
263 1019 390 1082 Exadius
412 1020 524 1101 telique
545 1018 633 1080 habet
655 1019 756 1094 instar,
778 1021 808 1081 in
831 1020 887 1082 alta

132 1123 206 1185 quae
229 1105 345 1166 lucrant
366 1105 439 1186 pinu
461 1104 550 1165 votivi
573 1122 684 1166 cornua
707 1106 793 1166 cervi.

130 1189 230 1268 ligitur
252 1190 321 1252 hinc
343 1189 454 1268 duplici
476 1189 611 1269 Gryneus
633 1189 663 1251 iu
687 1190 797 1253 lumina
819 1210 900 1253 ramo

131 1275 302 1355 eruiturque
325 1272 443 1350 cculos;
466 1293 592 1356 quorum
616 1293 684 1354 pars
707 1276 848 1337 cornibus
868 1279 979 1349 haeret

130 1379 199 1441 pars
221 1360 287 1421 ssuit
308 1360 338 1420 in
362 1358 481 1421 barbam
504 1368 703 1439 concretaque
724 1361 869 1439 sanguine
890 1362 1008 1441 pendet.

216 1444 293 1506 Ecce
315 1444 390 1523 rapit
413 1444 517 1505 mediis
539 1444 710 1522 flagrantem
733 1444 865 1507 Rboetus
887 1446 923 1506 ab
946 1446 1003 1508 aris

129 1529 307 1611 pruniceum
330 1539 439 1589 torrem
462 1528 623 1608 dextraque
643 1547 660 1590 a
681 1540 765 1609 parte
788 1529 908 1592 Charaxi

130 1624 263 1695 tempora
287 1612 442 1694 perfringit
463 1612 543 1674 iulro
564 1622 696 1694 protecta
719 1614 837 1696 capillo.

131 1698 264 1779 conrepti
288 1697 398 1783 rapida,
420 1697 510 1761 veluti
532 1716 617 1777 seges
638 1698 728 1774 arida,
750 1700 866 1762 llamma

129 1794 268 1845 arserunt
287 1783 396 1856 crines,
418 1791 448 1844 et
467 1783 591 1844 vulnere
613 1785 733 1862 sanguis
755 1785 872 1846 inustus

129 1866 291 1929 terribilem
314 1868 439 1928 stridore
460 1884 567 1929 sonum
590 1867 678 1942 dedit,
701 1878 733 1930 ut
755 1869 824 1932 dare
847 1871 956 1932 lerrum

131 1953 201 2031 igne
222 1952 333 2014 rubens
355 1952 532 2034 plerumque
554 1952 639 2027 solet,
660 1955 739 2034 quod
761 1955 875 2036 forcipe
897 1974 983 2018 curva

130 2057 198 2099 cum
220 2037 302 2098 laber
324 2037 432 2110 eduxit,
455 2037 577 2100 lacubus
599 2038 739 2100 demittit:
763 2049 793 2102 at
814 2040 885 2101 illud

131 2123 235 2184 stridet
256 2133 284 2182 et
307 2122 336 2181 in
359 2123 456 2203 tepida
479 2123 664 2184 submersum
687 2123 783 2186 sibilat
805 2126 893 2186 unda.

129 2207 246 2269 saucius
269 2206 389 2267 hirsutis
410 2207 525 2269 avidum
549 2206 585 2268 de
607 2208 740 2270 crinibus
762 2210 859 2289 ignem

130 2293 238 2354 excutit
261 2291 351 2371 inque
373 2309 492 2354 umeros
513 2291 603 2354 limen
625 2292 729 2355 tellure
749 2295 898 2356 revulsum

130 2377 218 2450 tollit,
241 2395 317 2437 onus
339 2376 472 2456 plaustri.
516 2378 595 2457 quod
620 2396 657 2438 ne
679 2380 830 2459 permittat
851 2380 881 2440 in
903 2381 1028 2452 hostem,

129 2463 192 2543 ipsa
215 2461 282 2522 lacit
305 2462 437 2538 gravitas.
482 2462 596 2523 socium
618 2481 738 2543 quoque
759 2482 843 2525 saxea
866 2464 959 2527 moles

131 2546 277 2628 oppressit
299 2546 394 2626 spatio
416 2554 542 2608 stantem
566 2546 706 2628 propiore
729 2547 878 2611 Cometen.

130 2633 233 2710 gaudia
257 2649 312 2691 nec
334 2633 441 2692 retinet
463 2631 610 2693 Rhoetus:
636 2632 709 2707 „sic‚
731 2639 927 2714 conprecor“‚
949 2634 1046 2714 iuquit

131 2726 247 2793 „cetera
269 2716 307 2776 sit
328 2716 415 2777 lortis
436 2726 600 2778 castrorum
624 2717 709 2778 turba
732 2719 888 2780 tuoruml“

129 2802 362 2880 semicremoque
386 2811 473 2862 norat
494 2803 651 2882 repetitum
674 2803 773 2883 stipite
792 2802 900 2866 vulnus

131 2897 234 2966 terque
257 2898 418 2966 quaterque
440 2886 520 2967 grari
542 2887 694 2949 iuncturas
714 2890 831 2950 uerticis
854 2889 913 2951 ictu

129 2973 220 3053 rupit,
243 2983 268 3032 et
294 2973 324 3032 in
347 2969 459 3051 liquido
482 2972 623 3033 sederunt
645 2991 710 3033 ossa
733 2974 864 3035 cerebro.

216 3057 314 3116 Victor
336 3057 371 3117 ad
394 3056 543 3135 Euagrum
566 3055 766 3138 Corytumque
788 3058 974 3139 Dryantaque
996 3055 1110 3120 transit.
1159 3066 1202 3118 290

130 3163 145 3202 e
169 3142 276 3222 quibus
297 3151 330 3202 ut
351 3142 445 3221 prima
468 3151 564 3202 tectus
586 3141 726 3221 lanugine
748 3143 838 3204 malas

129 3225 288 3308 procubuit
310 3224 466 3301 Corythus,
490 3244 604 3306 „puero
627 3246 703 3308 quse
725 3228 817 3307 gloria
840 3229 906 3289 suso

128 3321 209 3392 parta
233 3310 285 3372 tibi
309 3307 394 3371 estb‘
419 3310 554 3390 Euagrus
575 3311 624 3372 ait.
670 3331 725 3374 nec
747 3313 845 3374 dicere
869 3312 998 3374 llhoetus

129 3511 154 3563 bl
212 3508 314 3564 misiti
375 3514 424 3565 262
443 3510 569 3580 depressit
587 3529 658 3565 corr.
674 3529 709 3564 erc
726 3512 855 3581 deprensit
874 3512 898 3564 bl
958 3508 1100 3580 opressitl
1157 3527 1202 3578 op-

129 3581 253 3700 pressits
309 3576 449 3631 breteaul
509 3581 597 3633 oriona
615 3581 704 3648 grione
723 3580 746 3632 lll
807 3585 856 3634 263
876 3577 1036 3632 dedixissel
1095 3581 1145 3632 tot
1164 3594 1203 3631 rs·

140 3644 258 3716 uetatql
328 3651 377 3700 265
402 3648 458 3712 teli]
482 3647 562 3700 illibl
632 3652 682 3702 266
704 3649 801 3701 dixerat
819 3648 934 3700 adiuslll
1004 3651 1053 3703 268
1075 3647 1100 3698 in
1120 3663 1203 3698 ones

129 3719 208 3780 ramo]
227 3713 343 3767 rultubl
402 3718 451 3768 212
470 3716 652 3784 primiteumll
707 3720 756 3770 223
776 3713 923 3783 pertcctsl
974 3719 1023 3769 275
1041 3721 1158 3768 asserunt
1176 3712 1202 3765 bl

129 3786 178 3836 til
198 3783 286 3835 sorbes
304 3782 329 3833 ill
390 3787 440 3837 2¹1⁸
458 3782 673 3837 lacibus—acl
734 3789 783 3838 294
801 3802 817 3837 o
837 3781 945 3838 ressitl
995 3784 1113 3852 propiore
1131 3799 1202 3835 corr.

129 3868 164 3901 ex
182 3852 326 3918 properiore
345 3851 370 3903 hl
430 3851 617 3905 comentembl
678 3802 834 3906 comeceui
895 3856 944 3906 290
962 3851 1203 3905 euandrum-dri·

128 3927 265 3988 mautaque
283 3920 307 3972 lli
360 3921 551 3988 dyrantaquea
602 3924 652 3974 292
670 3938 800 3990 pueroque
819 3923 854 3990 gl.
872 3920 900 3972 ht
949 3924 1004 3972 tta
1017 3917 1220 3979 belluam&
