2692 4230
98 100 160 164 226
387 163 390 168 ,
555 110 712 167 meunt.

98 291 226 362 pectore.
269 303 327 347 uec
348 284 449 348 nutrix
470 281 632 343 etiamnum
654 280 784 362 concipit
806 282 899 346 ullum

98 375 197 430 mente
218 369 311 446 nefas,
331 369 519 449 aliquemque
540 372 639 424 tamen
662 367 822 444 praesentit
843 386 992 444 amorem3

98 453 301 534 propositique
321 464 419 526 tenax,
441 446 650 529 quodcumque
672 456 727 523 est,
748 459 822 525 orat,
844 463 878 516 ut
898 453 954 536 ipsi
1122 461 1167 512 400

97 536 216 613 indicet,
238 547 268 599 et
288 534 400 616 gremio
423 531 626 593 lacrimantem
648 530 727 592 tollit
747 533 816 594 anili

97 630 184 703 atque
206 622 246 683 ita
268 619 461 700 conplectens
483 615 610 678 infirmis
630 614 762 678 membra
784 616 901 682 lacertis

98 706 296 782 „sensimus“‚
318 699 415 781 inquit
437 717 547 776 „amas
591 711 631 776 et,
654 703 746 776 bunc,
767 718 843 778 mea,
865 724 943 785 pone
965 707 1109 782 timorem,

97 789 235 852 sedulitas
257 787 313 849 erit
324 792 406 873 ,0040
425 783 490 860 tibi,
511 803 569 848 uec
589 786 698 848 sentiet
718 803 859 866 umquam

97 875 155 938 hoc
176 873 288 955 pater.“
333 867 436 931 exiluit
457 870 571 948 gremio
594 870 754 934 furibunda
776 878 933 951 torumque
1120 883 1167 936 410

99 977 149 1021 ore
170 972 307 1038 premens
331 953 478 1031 „discede
499 973 617 1036 precor,
638 956 808 1036 miseroque
829 956 935 1037 pudori

96 1040 221 1124 parcel“
244 1039 293 1100 ait.
338 1038 459 1101 instanti
481 1039 630 1117 „discede
652 1049 702 1104 aut
723 1040 844 1103 desine“
868 1040 940 1103 dixit

332 1123 339 1136 '
506 1144 514 1162 .
871 1125 878 1138 ’
1059 1132 1075 1162 ss

95 1123 514 1290 ttltt‘tldtbllizt·
531 1125 640 1274 ttlb
659 1125 1055 1292 0103340130·

96 1292 187 1354 tendit
210 1301 239 1354 et
259 1301 328 1355 ante
349 1295 442 1376 pedes
462 1294 589 1377 supplex
611 1295 782 1379 procumbit
802 1294 937 1359 alumnae
1121 1305 1166 1356 440

95 1387 125 1438 04
144 1377 232 1439 modo
253 1376 414 1456 blanditur,
434 1380 534 1454 modo,
555 1381 581 1442 si
603 1399 665 1443 non
688 1380 806 1443 conscia
827 1383 887 1456 4104,

96 1471 200 1539 terret;
224 1473 253 1525 et
273 1462 414 1526 indicium
439 1464 536 1544 laquei
558 1474 742 1546 coeptaeque
763 1465 895 1528 minatur

94 1546 197 1609 mortis
219 1557 249 1610 et
269 1547 401 1609 otueium
423 1547 582 1608 commisso
603 1548 733 1628 spondet
755 1549 857 1610 amori.

96 1631 198 1694 extulit
218 1631 266 1693 ille
289 1641 379 1712 caput
399 1629 586 1710 lacrimisque
608 1630 733 1713 inplevit
755 1630 867 1694 obortis

94 1724 213 1798 pectora
236 1713 375 1791 nutricis3
398 1724 562 1796 conataque
583 1734 673 1798 saepe
694 1714 790 1792 lateri,

94 1818 181 1882 saepe
202 1808 283 1862 tenet
303 1817 404 1862 rocem
426 1799 660 1882 pudibundaque
679 1801 809 1863 restibus
831 1818 882 1863 ora

93 1885 165 1945 texit
186 1893 215 1946 et
237 1887 295 1961 „o“
318 1885 391 1946 dixit
413 1884 547 1960 „felicem
570 1886 699 1964 coniuge
719 1885 879 1947 matreml“

93 1969 245 2044 hactenus,
267 1977 297 2030 et
317 1969 438 2048 gemuit.
482 1968 595 2048 gelidos
616 1969 742 2031 nutricis
764 1970 795 2030 in
818 1978 899 2031 artus

95 2071 217 2134 ossaque
238 2055 344 2130 (sensit
365 2053 458 2130 enim)
480 2062 616 2134 penetrat
638 2064 759 2126 memor,
782 2052 906 2134 albaque
927 2064 989 2117 toto

93 2138 202 2199 vertice
224 2137 346 2200 canities
367 2138 470 2217 rigidis
490 2138 571 2200 stetit
591 2139 669 2200 hirta
692 2137 815 2218 capillis.
1117 2151 1162 2201 425

94 2222 254 2304 multaque,
277 2232 310 2284 ut
332 2231 482 2285 excuteret
501 2223 593 2297 diros,
616 2224 641 2285 si
664 2232 773 2304 posset,
795 2241 918 2299 amores,

92 2307 210 2369 addidit
253 2317 283 2368 at
303 2307 384 2388 virgo
407 2308 463 2369 soit
483 2325 516 2369 se
537 2326 599 2368 non
622 2308 694 2369 falsa
717 2308 843 2382 moneri,

93 2401 170 2454 certa
192 2392 268 2453 mori
289 2401 388 2454 umen
411 2402 465 2466 est,
487 2392 511 2454 si
535 2411 595 2453 non
620 2393 752 2474 potiatur
773 2410 882 2454 amore.

93 2477 206 2554 „rive“‚
228 2476 268 2538 ait
288 2479 362 2539 haec
384 2476 518 2558 „potiere
540 2481 611 2538 tuo“
634 2510 678 2523 -
700 2488 739 2548 et,
762 2496 823 2539 non
845 2495 915 2539 ausa
938 2482 1097 2561 „parente“

92 2563 198 2633 dicere,
219 2561 363 2624 conticuit
383 2561 587 2643 promissaque
610 2561 734 2623 numine
756 2563 862 2624 firmat.
1119 2573 1162 2624 400

176 2645 259 2707 Festa
282 2646 349 2727 piae
370 2645 485 2708 Cereris
505 2646 695 2708 celebrabant
717 2664 815 2708 annua
837 2655 943 2710 matres

92 2730 150 2804 illa,
173 2730 280 2811 quibus
302 2731 385 2793 nivea
407 2731 516 2793 relatae
538 2749 664 2813 corpora
680 2740 758 2793 veste

91 2815 233 2898 primitias
254 2815 372 2895 lrugum
393 2817 464 2877 dant
485 2815 583 2897 spicea
606 2825 684 2877 serta
705 2834 824 2878 suarum

19 2907 23 2914 '
91 2919 203 2982 perque
225 2918 330 2962 novem
353 2910 455 2962 noctes
475 2918 613 2963 vermem
636 2910 792 2981 tactusque
813 2901 910 2963 viriles
966 2980 968 2983 .

92 2985 120 3046 in
143 2985 240 3047 vetitis
261 2995 429 3047 numerant.
471 2985 558 3047 turba
580 2984 742 3047 Cenchreis
762 2985 792 3046 in
815 2985 875 3059 illa,
1118 2994 1161 3045 400

90 3069 168 3148 regis
189 3069 270 3130 adest
292 3070 433 3143 coniunx,
453 3088 620 3150 arcanaque
640 3088 722 3132 sacra
744 3070 920 3151 frequentat.

92 3171 162 3233 ergo
184 3153 312 3234 legitima
334 3172 444 3216 vacuus
465 3154 535 3215 dum
557 3154 686 3234 coniuge
707 3153 810 3230 lectus,

90 3249 173 3300 nacta
196 3257 310 3318 gravem
334 3238 402 3300 rino
424 3238 560 3319 Cinyram
582 3239 660 3302 male
682 3239 783 3302 sedula
805 3240 915 3314 nutrix,

89 3323 209 3385 nomine
230 3323 357 3385 mentito
378 3341 463 3385 veros
485 3324 608 3404 exponit
630 3342 746 3385 amores

89 3418 118 3469 et
139 3408 242 3469 taciem
264 3409 371 3471 laudat.
415 3408 554 3490 quaesitis
573 3409 697 3488 virginis
718 3408 804 3471 annis
1116 3418 1159 3467 440

156 3578 206 3627 toa
224 3575 401 3632 etiamnuuer
461 3578 511 3628 tot
528 3571 690 3642 0000000141
750 3577 799 3628 tos
818 3573 886 3625 etin
905 3574 953 3627 1400
970 3588 1058 3630 meas
1109 3576 1157 3626 417

87 3639 261 3711 0004000001
312 3646 362 3697 tto
379 3643 507 3699 abortius
559 3645 607 3696 ttt
629 3643 784 3711 pudibundis
801 3641 972 3710 questibusll
1023 3644 1072 3694 424
1090 3643 1159 3692 0100-

87 3726 137 3778 qne
154 3711 181 3771 41)
198 3728 235 3761 en
251 3714 277 3775 r)
294 3709 320 3762 Μ
389 3714 439 3765 tto
457 3712 537 3764 boen
607 3707 747 3779 00000461
815 3713 865 3764 tto
889 3711 988 3762 numina
1013 3706 1157 3762 firmanslll

88 3778 381 3832 431001014000401411
450 3781 501 3833 432
519 3793 564 3847 per
582 3775 722 3846 00000001
786 3780 834 3832 434
853 3776 1000 3831 rirorumld
1064 3781 1113 3830 435
1131 3775 1157 3828 lu

87 3847 189 3910 retit'lll
202 3845 268 3909 (suit
285 3847 320 3913 010
338 3845 363 3899 11
416 3850 465 3900 tot
485 3847 599 3914 legitima
618 3854 658 3899 est
676 3865 689 3897 ε
