2692 4230
131 123 230 162 eruore
561 107 604 173 lli,
622 109 767 161 tes-sto.

132 281 238 364 excipit
254 283 451 352 Andraemon,
474 286 504 338 et
525 277 652 340 habetur
674 279 801 358 coniuge
823 277 902 342 felix.

132 363 859 444 emmmfflmwmmmmwmn

131 449 227 514 litoris
249 451 397 513 efficiens:
422 464 570 510 summum
592 458 718 530 myrteta
739 460 895 513 coronant.

131 544 249 599 venerat
269 536 329 596 buc
350 531 471 613 Dryope
492 533 622 596 latorum
645 535 755 610 nescis,
779 553 899 616 quoque

132 622 285 701 indignere
306 617 409 695 magis,
433 619 572 701 nymphis
594 620 688 682 latura
711 638 849 696 coronas,

131 706 222 787 inque
244 703 311 764 sinu
334 720 472 782 puerum,
494 706 545 785 qui
569 706 702 766 nondum
725 704 898 784 impleverat
918 724 1040 778 annum,

131 789 217 852 dulce
238 785 349 848 lerebat
370 806 448 851 onus
470 789 623 872 tepidique
644 807 703 868 ope
724 788 808 849 lactis
829 788 934 850 alebat.

130 873 207 937 haud
230 872 334 952 procul
355 891 371 935 a
394 883 500 954 stagno
521 874 628 955 Tyrios
650 871 762 934 imitata
785 872 901 934 colores

131 959 161 1018 in
184 975 267 1037 spem
288 957 428 1020 bacarum
450 958 574 1020 florebat
595 957 729 1036 aquatica
751 956 838 1018 lotos.

130 1051 280 1122 carpserat
300 1044 371 1106 hinc
393 1044 521 1123 Dryope,
544 1060 620 1121 quos
642 1040 839 1104 oblectamina
862 1051 930 1104 nato

132 1125 870 1207 mmmmemmmmffiffln

132 1212 271 1293 (namque
292 1214 421 1286 aderam)
443 1211 501 1272 ridi
523 1220 622 1289 guttas
644 1232 661 1274 e
682 1213 757 1274 llore
779 1223 918 1275 cruentas

132 1296 267 1359 decidere
290 1307 319 1358 et
341 1295 467 1357 tremulo
491 1314 589 1358 ramos
610 1299 737 1359 horrore
758 1297 879 1359 moveri.

131 1382 253 1455 scilicet,
274 1390 307 1442 ut
329 1381 464 1442 referunt
486 1381 560 1442 tardi
585 1399 667 1443 nuuc
689 1380 819 1461 denique
840 1388 981 1460 agrestes,

131 1466 200 1528 lotis
221 1467 252 1527 in
275 1466 351 1526 hanc
373 1466 514 1547 nymphe,
538 1465 658 1545 lugiens
679 1465 807 1528 obscena
829 1465 938 1547 Priapi,

131 1550 298 1613 contulerat
318 1568 431 1625 versos,
452 1559 568 1612 servato
592 1551 724 1626 nomine,
747 1550 854 1613 vultus.

214 1634 365 1696 Nescierat
387 1653 474 1697 soror
494 1637 562 1699 boc.
606 1654 682 1716 quae
705 1654 774 1698 cum
797 1637 950 1718 perterrita
973 1646 1052 1697 retro

132 1719 174 1781 ire
197 1729 227 1780 et
247 1720 374 1781 adoratis
396 1719 484 1781 vellet
506 1720 657 1782 discedere
679 1720 828 1802 nymphis,

131 1805 290 1866 haeserunt
310 1804 410 1866 radice
432 1803 533 1885 pedes.
577 1804 744 1868 censebere
765 1815 885 1886 pugnat

132 1907 188 1951 nec
210 1890 367 1970 quicquam
390 1888 449 1950 nisi
472 1908 586 1952 summa
607 1899 715 1952 movet.
759 1890 922 1953 subcrescit
943 1889 979 1950 ab
996 1889 1061 1951 imo

131 1983 251 2054 totaque
272 1972 415 2056 paulatim
438 1974 536 2037 lentus
558 1974 668 2055 premit
689 1975 811 2054 inguina
833 1983 945 2038 cortex.

131 2069 165 2121 ut
185 2058 266 2131 vidit,
288 2068 392 2120 conata
416 2077 507 2120 manu
529 2058 640 2121 laniare
663 2060 797 2140 capillos,

132 2143 237 2205 lronde
258 2163 377 2205 manum
401 2143 539 2224 inplevite
562 2144 685 2206 frondes
706 2153 795 2225 eaput
818 2162 907 2205 omne
929 2143 1078 2206 tenebant

132 2237 161 2290 at
182 2246 257 2308 puer
278 2227 455 2310 Amphissos
475 2232 619 2310 (namque
640 2229 699 2291 boc
720 2247 792 2291 avus
813 2229 944 2310 Eurytus
965 2228 1006 2290 illi

133 2312 280 2374 addiderat
303 2317 425 2389 nomen)
448 2324 581 2376 materna
601 2315 750 2394 rigescere
771 2314 862 2376 sentit

132 2397 233 2471 ubera,
257 2417 312 2459 uec
333 2397 469 2479 sequitur
492 2400 649 2461 dueentem
671 2399 783 2461 lacteus
810 2417 907 2461 umor.

132 2483 290 2564 spectatrix
312 2484 430 2545 aderam
453 2483 504 2546 lati
527 2482 655 2545 crudelis
676 2502 824 2566 opemque

132 2584 194 2629 non
218 2576 350 2648 poteram
373 2567 425 2629 tibi
449 2569 537 2643 ierre,
559 2586 661 2643 soror3
685 2579 889 2650 quantumque
909 2567 1051 2642 valebam,

133 2661 313 2714 crescentem
336 2662 476 2714 truncum
498 2672 657 2735 ramosque
679 2653 812 2735 amplexu
835 2653 969 2716 morabar

133 2745 171 2810 et,
193 2738 296 2811 lateor,
318 2736 397 2799 volui
420 2739 476 2801 sub
499 2739 602 2800 eodem
625 2739 736 2800 cortice
760 2740 860 2801 condi.

133 2839 201 2883 ecce
223 2822 267 2882 vir
289 2823 478 2885 Andraemon
502 2824 677 2904 genitorque
699 2823 883 2886 miserrimus
908 2824 1015 2887 adsunt

133 2914 161 2967 et
184 2917 330 2985 quaerunt
352 2907 509 2988 Dryopen:
532 2907 671 2990 Dryopen
696 2909 906 2990 quaereuubus
928 2908 985 2971 dbs

133 2992 247 3052 ostendi
270 2991 363 3053 loton.
408 2993 508 3073 tepido
531 2994 601 3055 dant
624 2993 724 3055 oscula
747 2994 829 3073 ligno

132 3076 286 3156 adfusique
308 3096 378 3138 suae
400 3078 549 3139 radicibus
570 3079 685 3140 arboris
705 3079 838 3141 haerent.

133 3160 175 3221 nil
197 3161 254 3221 nisi
277 3160 333 3222 iam
356 3163 471 3236 laciem,
495 3164 575 3243 quod
599 3183 659 3225 non
683 3164 759 3225 loret
779 3163 878 3236 arbor,
901 3160 1027 3224 habebat

132 3247 942 3330 wmmnmmmmmmmmmmm

132 3329 267 3392 inrorant
288 3331 376 3406 loliis,
400 3343 429 3393 et
451 3334 521 3394 dum
543 3333 613 3394 licet
635 3352 746 3413 oraque
769 3343 921 3414 praestant
1016 3413 1049 3465 Η
1085 3412 1116 3464 'd'
1169 3341 1213 3391 tto

1050 3429 1117 3480 epit

532 3441 547 3476 e

200 3482 249 3532 335
273 3481 416 3534 acelinise
478 3482 580 3550 devoro
604 3482 630 3533 Μ
700 3484 750 3536 333
774 3480 841 3533 ennii
865 3481 890 3532 lll
961 3484 1010 3534 tto
1058 3477 1213 3548 tectiquel

133 3550 179 3600 341
205 3548 272 3600 haud
296 3567 331 3600 aa:
354 3556 397 3602 eut
422 3550 448 3602 ll
519 3553 568 3604 349
593 3551 709 3617 sublato,
732 3555 761 3601 in
785 3566 871 3616 marg.
893 3567 910 3602 a
932 3550 1001 3602 m.2
1064 3555 1167 3601 serrato
1186 3547 1211 3599 lll

130 3613 141 3666 l
160 3621 259 3668 retento
272 3616 282 3668 l
294 3624 396 3670 serrato

156 3683 258 3737 sublato
404 3682 420 3737 l
472 3689 519 3738 351
540 3686 588 3737 iret
607 3684 685 3740 sdbl
738 3687 785 3738 iret
803 3694 830 3739 et
848 3687 959 3741 oratisr
1014 3687 1063 3738 ³52
1082 3700 1140 3737 cum
1159 3684 1213 3735 tel-

132 3751 215 3802 lerer
267 3757 316 3806 353
335 3769 381 3805 nec
400 3772 435 3805 ee
453 3752 549 3806 oambl
602 3758 652 3808 356
670 3753 823 3820 tegebante
876 3754 1109 3821 tblAmpbisosr
1161 3766 1213 3803 am·

132 3819 221 3886 pbisus
237 3819 262 3871 ll
316 3825 364 3875 358
383 3823 464 3874 sensit
482 3819 497 3872 l
549 3825 599 3875 365
618 3829 744 3892 quaerunt
762 3824 805 3873 ubi
825 3822 858 3874 sit
876 3821 1178 3890 crispe-quaerentibus
1197 3816 1212 3871 l

133 3890 183 3940 366
200 3888 425 3956 ostendi-ligno
443 3891 461 3954 (i
480 3908 516 3941 ee
534 3897 558 3952 a)
577 3889 602 3942 bl
657 3893 707 3944 368
725 3890 838 3942 habebas
858 3886 874 3941 l
925 3893 975 3943 3ῖο
994 3891 1035 3955 etl
1050 3904 1080 3940 ac
1099 3907 1114 3942 r
