2692 4230
103 98 164 188 196
560 129 714 184 muttit
894 144 1029 186 senenses.
1059 146 1173 187 cerasos

104 315 170 367 tura
191 304 276 367 dabat
297 304 401 386 primis
422 312 452 363 et
472 299 559 362 rerba
580 297 731 378 precantia
752 301 877 364 llammis
1129 311 1174 364 16)

103 389 230 471 vinaque
250 404 427 452 marmoreas
448 393 548 465 patera
568 381 712 443 lundebat
732 383 764 445 in
785 404 867 449 aras:

105 473 228 537 incaluit
248 474 291 536 ris
313 473 362 535 illa
384 468 453 530 mali
473 465 661 546 resolutaque
682 465 810 530 dammis

106 558 268 622 Herculeos
289 556 363 620 abiit
383 553 440 613 late
461 549 572 631 dilapsa
593 569 647 631 per
668 560 759 612 artus.

106 645 175 705 dum
197 642 305 724 potnit,
326 636 413 700 solita
434 635 576 713 gemitum
597 635 705 697 vimute
725 638 880 716 repressit;

104 729 178 790 vtcn
200 727 284 788 malis
306 729 460 804 postquam
483 729 528 781 est
549 719 700 802 patientia,
721 720 853 800 reppulit
872 741 937 786 aras
1133 729 1176 781 165

106 811 285 893 inplevitque
306 805 368 868 suis
391 822 578 867 nemorosum
601 804 723 868 rccibns
747 803 852 866 Oeten.

107 915 163 959 nec
182 911 275 964 mora,
297 889 438 951 letiferam
461 900 586 952 conatur
608 890 742 953 scindere
764 896 888 950 restemz

107 999 163 1061 qua
186 977 320 1048 trahitur,
342 974 429 1035 trahit
451 973 499 1036 illa
522 984 632 1050 cutem,
653 975 832 1054 foedumque
856 974 962 1048 relatu,

107 1073 159 1126 aut
179 1063 279 1122 haeret
300 1057 442 1121 membris
461 1059 569 1122 frustra
591 1070 732 1142 temptata
753 1057 863 1132 revelli,

107 1156 160 1208 aut
181 1144 294 1205 laceros
315 1153 396 1204 anus
418 1154 448 1206 et
467 1145 589 1223 grandia
611 1145 722 1226 detegit
742 1162 818 1206 ossa.
1134 1153 1178 1205 tto

106 1232 170 1310 ipse
192 1246 290 1302 emor,
312 1228 409 1307 gelido
430 1247 485 1291 ceu
507 1231 656 1310 quondam
678 1229 817 1294 lammina
839 1229 968 1289 candens

106 1314 197 1375 tincta
218 1311 294 1387 lacu,
315 1313 411 1375 stridit
433 1314 630 1396 coquiturque
650 1316 772 1378 ardente
793 1331 916 1375 veneno.

108 1416 164 1460 nec
184 1397 290 1460 modus
311 1407 367 1472 est,
388 1398 511 1461 sorbent
532 1401 632 1462 aridae
653 1399 824 1481 praecordia
849 1398 993 1470 flammae,

107 1482 318 1564 caeruleusque
339 1483 406 1545 lluit
427 1494 489 1545 tcto
510 1484 548 1546 de
569 1502 695 1565 corpore
716 1483 818 1559 sudor,

107 1566 292 1648 ambustique
313 1577 422 1630 sonant
441 1568 533 1630 nervi.
577 1586 723 1647 caecaque
744 1566 879 1629 medullis

107 1653 175 1714 tabe
195 1652 360 1732 liquefactis
381 1651 489 1713 tollens
509 1651 545 1711 ad
568 1651 664 1712 sidera
685 1651 798 1731 palmas

105 1730 271 1807 ‘cladibus’‚
293 1735 435 1796 exclamat
451 1728 613 1807 ‘Saturnia
635 1753 756 1815 pascere
777 1732 896 1807 nostris,

109 1838 230 1903 pascere
251 1829 281 1880 et
302 1820 380 1880 hanc
401 1827 514 1899 pestem
537 1830 646 1900 specta,
669 1819 807 1893 crudelis,
828 1817 864 1880 ab
885 1816 944 1878 alto

109 1922 220 1984 corque
240 1904 335 1966 lerum
358 1903 447 1966 satia!
469 1902 513 1964 vel
535 1904 559 1965 si
586 1903 771 1966 miserandus
792 1913 823 1964 et
847 1902 935 1975 hosti,

111 1990 180 2066 [hoc
202 1999 255 2062 est,
277 1989 301 2050 si
325 1988 378 2050 tibi
400 2006 476 2063 snm,
498 1987 570 2060 diris
590 1988 770 2051 cruciatibus
791 1987 918 2066 aegram]
1138 1994 1181 2046 teo

109 2073 292 2153 invisamque
312 2073 439 2135 animam
461 2083 618 2153 natamque
639 2073 791 2136 laboribus
811 2072 902 2135 auler.

109 2177 190 2220 mors
211 2158 282 2218 mihi
305 2176 415 2220 munus
436 2159 501 2219 erit.
544 2159 630 2220 decet
650 2160 724 2220 haec
745 2157 814 2219 dare
836 2158 911 2218 dous
935 2171 1099 2217 novercam.

111 2261 181 2322 ergo
203 2259 258 2320 ego
280 2243 445 2305 foedantem
468 2243 626 2322 peregrino
648 2242 758 2324 templa
781 2260 885 2303 cruore

110 2327 226 2389 Busirin
250 2327 349 2389 domni
372 2345 518 2407 saevoque
540 2327 678 2389 alimenta
700 2326 831 2408 parentis

111 2415 223 2473 Antaeo
245 2409 366 2492 eripui‘l
388 2430 444 2472 nec
465 2430 512 2472 me
534 2413 661 2492 pastoris
682 2411 784 2473 iliberi
1139 2416 1182 2469 195

111 2497 203 2558 lorma
226 2495 341 2576 triplex,
364 2514 420 2557 nec
442 2497 534 2558 lorma
557 2496 662 2576 triplex
684 2506 746 2569 tua,
769 2493 904 2569 Cerbero,
925 2491 1037 2555 morit?
1100 2524 1103 2529 ·

110 2599 212 2653 nosue,
234 2598 348 2654 manus,
370 2580 454 2642 validi
478 2581 627 2660 pressistis
648 2600 761 2643 cornua
783 2577 882 2643 mnri‘l

113 2676 240 2727 restrum
263 2683 339 2746 opus
361 2665 424 2726 Elis
446 2665 543 2739 habet,
564 2677 694 2728 vestrum
720 2663 936 2746 Stymphalides
958 2665 1053 2726 undae

114 2750 364 2829 Partheniumque
388 2747 514 2810 nemus?
535 2760 632 2812 restra
654 2751 762 2812 virtute
782 2750 891 2812 relatus

112 2835 377 2896 Thermodontiaco
400 2833 527 2895 caelatus
548 2834 662 2897 balteus
683 2853 756 2896 anro

113 2915 879 3085 1966691196616669916

114 3089 253 3149 Arcadiae
273 3098 401 3149 vastator
421 3085 515 3168 aperi
538 3106 593 3149 uec
615 3091 727 3170 proluit
748 3089 856 3166 hydrae

114 3191 246 3235 cresccre
268 3191 321 3253 per
343 3173 480 3234 damnum
503 3174 695 3254 geminasque
715 3190 866 3236 resumere
885 3167 984 3232 riresl

114 3257 195 3338 quid,
217 3257 295 3337 quod
316 3256 439 3319 Thracis
461 3276 554 3338 equos
575 3260 704 3321 humano
727 3257 870 3335 sanquine
895 3256 1021 3337 pingues
1143 3263 1186 3314 195

114 3424 149 3457 ea
176 3406 233 3458 cod.
259 3406 382 3458 Palatino
408 3408 590 3472 recipiendum
616 3425 670 3458 esse
695 3411 792 3459 statuit
863 3408 910 3459 166
937 3403 1024 3473 prunis
1051 3399 1066 3454 1
1138 3405 1185 3456 too

114 3474 205 3526 diffusa
229 3473 288 3525 edd.
310 3478 373 3526 vett.
444 3479 491 3528 161
515 3475 593 3540 {illinit
615 3473 735 3526 solitall
806 3475 933 3541 geminum
955 3471 1066 3525 solitas
1137 3473 1185 3524 166

115 3541 174 3594 ceti
198 3540 223 3592 bl
294 3543 342 3595 168
366 3541 409 3593 illa
433 3558 502 3594 ror-r.
526 3559 561 3592 aa
584 3541 627 3593 ille
645 3541 670 3593 11
740 3543 821 3595 relatu
844 3547 919 3593 ests
985 3542 1032 3593 112
1056 3535 1187 3594 santet:

118 3614 166 3663 116
185 3609 292 3662 tendens
311 3609 398 3663 Helm.
470 3614 514 3662 111
534 3609 684 3662 esclamalt
703 3609 728 3661 11
801 3613 847 3663 119
869 3608 983 3662 hostiae
1006 3610 1076 3660 reni,
1093 3605 1188 3657 Botha'r'

115 3676 191 3729 Iliese
260 3679 308 3730 lSh
326 3677 408 3730 bostis
425 3678 446 3729 si
466 3683 483 3730 1.
501 3694 521 3730 s.
540 3697 553 3728 e
622 3679 704 3730 hostis
722 3679 790 3731 enim
808 3684 827 3731 t.
845 3695 865 3730 s.
884 3677 998 3729 editores
1014 3674 1087 3742 quod
1103 3678 1186 3725 sciam

116 3761 205 3797 omnes
225 3750 337 3812 praeter
363 3744 475 3807 Merit.²;
503 3751 586 3796 totum
614 3762 718 3797 uersum
742 3751 774 3798 ut
794 3747 937 3865 instipatum
961 3746 1068 3796 uncinis
1090 3744 1189 3795 inclusi

798 3830 849 3881 quo

117 3877 321 3936 tenuaverat
374 3883 419 3934 191
440 3895 490 3932 nen
509 3881 667 3934 custoditae
728 3884 774 3934 195
795 3880 900 3934 tumbl
953 3879 1052 3948 quode
