2692 4230
155 128 277 168 sannaus
567 113 606 175 lv,
624 114 766 165 att-309.

155 288 290 368 poscitur
312 288 455 359 Alcithoe,
477 292 631 365 postquam
654 285 759 347 siluere
781 303 908 347 sorores.

155 391 231 454 quae
253 374 334 436 radio
357 370 460 433 stantis
483 386 658 448 percurrens
679 372 801 432 stamina
825 370 899 433 telae

150 448 299 537 ‘vulgatos
321 449 412 518 taceo'
436 454 509 514 dixit
526 446 664 536 ‘pastoris
684 474 798 518 amores

153 541 318 624 Daphnidis
338 538 426 612 ldaei,
448 557 535 619 quem
560 542 686 620 nymphe
708 539 810 620 pelicis
832 541 874 602 ira

152 627 279 690 contulit
302 626 334 685 in
357 641 472 685 saxum:
497 634 596 688 tantus
617 624 701 685 dolor
722 623 781 683 urit
802 634 943 686 amantes.

153 731 209 774 nec
231 713 348 790 loquor.
371 718 401 770 ut
424 710 571 790 quondam
594 719 712 770 naturae
734 708 798 768 iure
820 717 927 769 novato

150 796 308 873 ambiguus
329 793 417 855 luerit
437 795 525 856 modo
547 797 598 869 vir,
621 793 707 854 modo
730 792 839 854 semina
861 792 977 855 Sithon.

150 891 179 943 te
202 896 332 960 quoque,
355 897 436 940 nunc
456 881 581 955 adamas,
604 877 749 958 quondam
773 877 913 939 lldissime
935 896 1034 960 parvo,

150 964 253 1035 delmi,
277 962 337 1024 lori
360 963 501 1047 largoque
522 974 600 1027 satos
621 961 741 1023 Curetas
762 963 798 1024 ab
822 963 909 1025 imbri

149 1058 178 1110 et
200 1047 316 1109 Crocon
341 1049 370 1110 in
394 1069 499 1130 parvos
519 1066 634 1110 versum
656 1065 721 1108 cum
746 1046 873 1110 Smilace
894 1048 983 1111 llores

149 1144 313 1213 praetereo,
335 1135 473 1216 dulcique
494 1134 609 1194 animos
631 1132 757 1193 novitate
780 1133 900 1194 tenebo.

148 1218 227 1279 unde
249 1219 289 1280 sit
310 1220 437 1292 infamis,
460 1236 550 1298 quare
571 1216 645 1278 male
668 1216 793 1279 lortihus
815 1218 903 1279 undis

147 1302 290 1366 Salmacis
311 1313 430 1365 enervet
451 1312 603 1383 tactosque
625 1302 768 1364 remolliat
788 1312 880 1375 artus,

146 1389 259 1450 discite.
300 1407 387 1450 causa
409 1388 488 1460 latet,
510 1388 552 1449 ris
574 1398 618 1450 est
640 1388 789 1449 notissima
812 1388 912 1448 lontis.

146 1473 292 1535 Mercurio
316 1490 440 1553 puerum
463 1473 527 1535 diva
549 1472 719 1553 Cythereide
742 1482 844 1533 natum

146 1559 248 1620 naides
269 1557 365 1618 ldaeis
386 1558 551 1620 enutrivere
572 1557 627 1619 sub
648 1557 754 1630 antris3

144 1645 230 1705 cuius
252 1651 315 1703 erat
337 1642 435 1713 iacies,
457 1644 487 1704 in
511 1662 567 1724 qua
589 1653 738 1721 materque
761 1651 903 1722 paterque

144 1727 285 1807 cognosci
309 1739 445 1807 possent3
469 1746 577 1789 nomen
600 1744 718 1807 quoque
739 1726 825 1787 traxit
846 1726 883 1787 ah
905 1726 972 1789 illis.

143 1812 168 1873 is
191 1813 245 1874 tria
268 1830 337 1873 cum
359 1813 488 1893 primum
511 1813 580 1874 lecit
600 1811 813 1892 quinquennia,
835 1821 953 1874 montes

142 1897 271 1959 deseruit
294 1897 414 1978 patrios,
437 1897 545 1979 ldaque
566 1896 666 1959 altrice
687 1896 786 1958 relicta

142 1983 253 2061 ignotis
275 2001 374 2044 errare
395 1983 478 2058 locis,
501 1984 600 2061 ignota
622 1984 718 2044 videre

141 2067 265 2130 flumina
286 2067 441 2147 gaudebat,
462 2068 559 2131 studio
581 2069 732 2129 minuente
754 2066 896 2127 lahorem.

140 2152 189 2214 ille
212 2153 300 2213 etiam
323 2151 427 2232 Lycias
448 2153 536 2215 urhes
559 2152 721 2232 Lyciaeque
743 2151 929 2232 propinquos

140 2236 228 2299 Caras
250 2237 320 2299 adit.
363 2238 439 2299 videt
462 2239 511 2300 hic
532 2247 667 2316 stagnum
689 2236 815 2298 lucentis
837 2237 873 2298 ad
895 2235 988 2298 imum

140 2341 234 2402 usque
256 2321 353 2384 solum
375 2323 521 2403 lymphae.
565 2342 625 2385 non
648 2323 708 2385 illic
729 2341 822 2383 canna
847 2321 984 2402 palustris

139 2425 194 2468 nec
217 2406 333 2468 steriles
355 2407 436 2470 ulvae
459 2427 515 2470 nec
535 2417 618 2470 acuta
640 2407 761 2488 cuspide
783 2407 880 2467 iunci:

138 2492 315 2572 perspicuus
338 2492 510 2574 liquorem,
532 2495 627 2572 stagni
648 2503 744 2555 tamen
767 2490 869 2552 ultima
892 2490 956 2550 rivo

138 2578 268 2657 caespite
291 2577 453 2656 cinguntur
473 2596 647 2660 semperque
669 2576 829 2638 virentibus
851 2575 961 2638 herbis.

138 2664 267 2742 nympha
290 2661 372 2737 colit,
392 2664 442 2724 sed
465 2682 519 2725 nec
540 2662 691 2725 venatibus
712 2670 790 2742 apta,
815 2679 870 2723 nec
892 2679 978 2723 mous

136 2748 255 2808 flectere
279 2766 356 2827 quae
377 2747 477 2820 soleat,
501 2768 555 2811 nec
577 2767 650 2828 quae
672 2747 852 2809 contendere
873 2765 973 2818 cursu,

135 2833 257 2913 solaque
280 2834 416 2895 natadum
439 2834 527 2895 celeri
550 2852 610 2895 non
633 2844 701 2894 nota
724 2833 843 2894 Dianae.

135 2936 222 2998 saepe
246 2937 314 2979 suas
337 2919 378 2979 illi
403 2919 477 2981 lama
499 2929 544 2980 est
564 2920 670 2980 dixisse
692 2936 809 2979 sorores

136 3002 293 3075 ..Salnraci‚
318 3005 361 3064 vel
384 3004 510 3066 iaculum
533 3005 575 3065 vel
598 3006 691 3085 pictas
711 3022 794 3063 sume
817 3002 969 3082 pharetras

135 3098 162 3147 et
185 3099 235 3148 tua
258 3107 327 3150 cum
350 3090 431 3150 duris
453 3089 603 3151 uenatibus
626 3090 684 3150 otia
707 3091 825 3148 misce.“

135 3191 189 3234 nec
212 3173 341 3234 iaculum
363 3175 452 3236 sumit
473 3193 528 3236 nec
551 3178 642 3255 pictas
664 3174 711 3234 illa
735 3175 886 3254 pharetras

134 3277 189 3319 nec
212 3278 266 3320 sua
289 3278 356 3319 cum
379 3259 459 3321 duris
481 3261 632 3321 venatibus
655 3260 712 3319 otia
736 3258 848 3327 miscet,

200 3447 250 3495 277
270 3441 420 3510 dapnidisl
471 3446 520 3496 279
539 3448 594 3507 nec]
612 3459 640 3496 ee
660 3442 692 3504 ll,
711 3447 739 3493 in
757 3458 844 3507 marg.
863 3459 879 3492 α
898 3457 932 3491 m.
952 3444 1015 3492 !:n
1070 3441 1206 3509 quandam

132 3510 155 3561 Μ
221 3514 271 3563 280
291 3507 407 3563 tuenti
474 3514 522 3564 281
542 3511 653 3580 adamalls
670 3517 696 3575 (n
715 3516 792 3572 eras.)
811 3510 836 3560 Μ
906 3512 955 3562 282
977 3509 1057 3561 celme
1075 3511 1110 3575 Α,
1136 3526 1206 3562 corr.

131 3579 255 3644 Scaliger·
301 3583 348 3631 sat'
366 3586 465 3631 curetes
484 3577 516 3631 λ’
569 3584 617 3633 283
637 3577 741 3631 croculi.
777 3579 907 3630 milaceh
960 3580 1009 3631 284
1028 3586 1161 3644 praetereo
1179 3582 1205 3643 (o

130 3648 299 3712 i.r.am.2)
318 3646 343 3697 Μ
396 3650 444 3701 288
463 3649 609 3717 cythereide
628 3649 668 3712 (de
686 3649 774 3711 eada)
793 3647 818 3697 Μ
865 3644 1032 3699 citnareidel
1083 3649 1133 3699 296
1147 3664 1206 3714 pro·

125 3735 160 3783 t‘·
175 3748 241 3799 quos
833 3730 865 3782 ll

1054 3730 1066 3784 l
1078 3734 1129 3784 nim

130 3801 283 3869 pinquase
336 3803 383 3852 aut
405 3815 521 3856 carras:
573 3802 621 3853 288
640 3801 805 3869 nymphaeli
853 3798 1024 3867 nymphaelll
1078 3801 1205 3869 limphqe

129 3868 249 3936 palastris
268 3867 288 3919 B
342 3871 392 3922 308
410 3884 460 3920 non
478 3869 527 3920 iac·
546 3886 560 3918 a
