2692 4230
141 171 274 209 museus
582 153 624 219 XI,
641 156 786 211 sto-tos.

142 346 222 391 arma
245 343 442 410 capessamus,
465 324 683 408 coniunctaque
705 326 762 390 tela
784 321 931 390 teramus?

141 414 254 476 dixerat
274 411 412 492 agrestis:
437 427 493 470 nec
514 409 601 474 Pelea
623 411 728 474 damna
749 411 914 486 movebant,

141 499 203 573 sed,
225 515 339 560 memor
361 493 489 567 admissi,
511 493 636 559 Neretda
657 497 780 577 conligit
800 497 902 560 orbam

141 583 247 646 damna
269 599 322 643 sua
344 577 463 640 inferias
485 582 630 645 exstincto
652 582 768 645 mittere
789 582 898 645 Phoco.

141 667 265 730 induere
286 681 366 725 arma
388 663 466 727 viros
487 665 676 747 violentaque
696 683 813 727 sumere
833 667 890 729 tela

139 770 193 814 rex
214 750 296 812 iubet
318 747 461 826 Oetaeus3
485 769 554 813 cum
577 752 644 833 quis
665 748 752 811 simul
772 749 836 830 ipse
858 749 976 832 parabat

140 837 193 898 ire.
237 832 288 895 sed
312 831 443 914 Alcyone
464 836 595 897 coniunx
617 834 708 896 excita
732 834 859 896 tumultu

139 918 255 1001 prosilit
279 925 318 993 et,
340 921 472 982 nondum
496 929 574 982 totos
595 928 698 980 ornata
719 917 851 1000 capillos,

139 1003 237 1065 disicit
259 1005 314 1065 laos
336 1004 427 1086 ipsos,
450 1003 589 1084 colloque
609 1002 706 1065 inlusa
727 1003 834 1077 mariti,

140 1087 237 1150 mittat
257 1097 290 1150 ut
312 1089 451 1151 auxilium
474 1088 539 1151 sine
561 1106 603 1165 se,
624 1086 780 1169 uerbisque
801 1095 938 1170 precatur

139 1180 170 1233 et
191 1172 330 1249 lacrimis,
353 1174 526 1256 animasque
547 1174 621 1236 duas
642 1182 675 1235 ut
696 1181 789 1237 servet
810 1173 841 1235 in
862 1191 933 1235 una.

139 1259 280 1320 Aeacides
303 1257 361 1319 illic
381 1250 549 1340 ‘pulchros
571 1259 684 1337 regina,
706 1258 831 1340 piosque

137 1361 218 1424 pone
239 1352 352 1419 metus;
376 1342 463 1426 plena
485 1352 532 1406 est
553 1342 693 1424 promissi
714 1343 806 1422 gratia
827 1343 924 1404 nestri.

138 1446 200 1490 non
222 1427 320 1509 placet
341 1445 420 1489 arma
442 1427 515 1489 mihi
538 1439 642 1490 contra
664 1445 738 1489 nora
759 1438 889 1488 monstra
911 1427 1039 1491 moveri:

138 1531 250 1575 numen
272 1510 455 1574 adorandum
479 1511 574 1594 pelagi
597 1503 659 1575 est'
705 1520 768 1574 erat
789 1512 878 1574 ardua
901 1513 990 1574 turris

138 1615 206 1661 arce
227 1596 436 1675 iugisumma,
458 1597 544 1660 sessis
565 1597 630 1660 loca
652 1607 732 1678 gnata
754 1596 870 1660 carinis.

137 1681 321 1743 adscendunt
344 1681 416 1744 illuc
437 1691 604 1763 stratosque
626 1683 657 1744 in
679 1681 767 1744 litore
789 1692 889 1745 tauros
942 1717 945 1723 ·
969 1726 972 1737 .

137 1783 205 1827 cum
228 1766 341 1845 gemitu
363 1766 533 1848 adspiciunt
552 1775 787 1847 vastatoremque
809 1775 932 1828 cruento

136 1868 188 1912 ore
210 1850 316 1924 lerum,
338 1850 446 1930 longos
468 1852 610 1914 infectum
633 1851 777 1932 sanguine
798 1850 891 1913 villos.
944 1911 949 1920 ,

136 1934 205 1997 inde
227 1953 334 1997 manus
355 1936 481 1999 tendens
502 1937 533 1999 in
556 1937 651 2019 aperti
672 1936 758 1999 litora
780 1936 863 2018 ponti

133 2020 299 2082 caeruleam
322 2019 428 2082 Peleus
449 2021 639 2097 Psamathen,
662 2030 696 2083 ut
717 2021 801 2083 liniat
822 2022 905 2093 iram,

135 2113 209 2179 orat,
232 2123 381 2185 opemque
402 2106 485 2168 ferat
529 2125 584 2168 nec
606 2107 727 2168 vocibus
750 2105 798 2167 illa
820 2105 951 2185 rogantis

135 2188 266 2251 flectitur
288 2189 446 2252 Aeacidae:
469 2190 574 2253 Thetis
594 2193 671 2253 hanc
692 2209 748 2272 pro
770 2191 896 2269 coniuge
917 2189 1042 2272 supplex

134 2274 250 2355 accepit
269 2274 394 2336 veniam.
438 2276 491 2339 sed
514 2276 595 2338 enim
615 2287 769 2338 revocatus
790 2275 820 2337 in
843 2275 903 2337 acri

135 2358 223 2420 caede
246 2358 334 2440 lupus
356 2370 478 2440 perstat,
501 2359 658 2424 dulcedine
679 2361 832 2441 sanguinis
852 2377 948 2440 asper,

131 2442 231 2505 donec
252 2443 456 2506 inhaerentem
478 2445 592 2508 lacerae
614 2445 729 2508 cervice
750 2445 890 2507 iuvencae

134 2545 281 2590 marmore
303 2529 434 2591 mutavit.
479 2548 590 2613 corpus
610 2539 787 2612 pmeterque
807 2529 936 2592 colorem

135 2613 233 2675 omnia
256 2614 395 2675 servavit:
419 2614 526 2696 lapidis
547 2615 630 2678 color
652 2616 760 2677 indicat
781 2613 864 2677 illum

133 2698 190 2760 iam
214 2716 275 2759 non
298 2717 362 2760 esse
383 2698 499 2780 lupum,
522 2701 579 2763 ianr
603 2719 663 2762 non
686 2699 794 2762 debere
816 2699 921 2762 timeri.

133 2801 190 2844 nec
212 2793 309 2844 tamen
333 2784 387 2844 hac
409 2785 569 2866 profugum
592 2785 756 2848 consistere
777 2783 861 2847 Pelea
884 2796 960 2846 terra

130 2867 191 2929 data
213 2867 337 2929 sinunt:
361 2868 512 2949 Magnetas
533 2870 594 2933 adit
614 2889 705 2951 vagus
727 2869 794 2932 exul
817 2880 845 2932 et
868 2868 928 2931 illic

132 2952 221 3013 sumit
243 2951 280 3013 ab
303 2952 468 3016 Haemonio
491 2957 665 3036 purgamina
688 2956 784 3018 caedis
806 2958 921 3018 Acasto.

871 3069 936 3123 lsui
1130 3067 1176 3120 re³

200 3139 250 3188 300
268 3135 411 3201 οώξειηΜ
464 3141 513 3191 384
532 3154 577 3191 sua
591 3140 702 3205 Bentley
749 3140 827 3190 suoC
875 3139 968 3190 lraecs
1018 3138 1068 3190 383
1081 3135 1205 3188 ctheuslll

129 3218 247 3274 letheus
271 3220 303 3272 ab
322 3220 381 3273 etlre
398 3224 494 3290 moute}

152 3289 271 3342 ethereus
500 3309 514 3342 a
565 3292 656 3344 etheus
674 3289 690 3342 λ
742 3294 791 3345 336
809 3291 908 3344 dissidia
921 3293 960 3356 (in
974 3306 1059 3356 marg.
1072 3290 1174 3353 deiecit)
1193 3286 1208 3340 λ

214 3363 239 3413 lv
255 3357 340 3408 mittat

132 3428 219 3492 38¹lt}
255 3430 327 3477 uetat
346 3427 430 3485 (corr,
447 3440 481 3477 m.
498 3426 529 3489 3)
547 3424 648 3477 anull
713 3426 798 3479 mittat
821 3431 888 3482 utr
951 3429 1065 3493 praestet
1087 3429 1115 3476 ut
1139 3428 1208 3478 cont.

131 3492 249 3545 Merkel²
300 3497 391 3544 crocet
408 3509 460 3545 rer.
478 3491 554 3544 Iliaco
605 3493 742 3561 uerbisque
760 3495 792 3557 (is
810 3511 882 3549 corr.
901 3511 935 3544 οε
952 3491 1033 3557 asrltl
1086 3494 1135 3546 333
1154 3493 1206 3559 iugi

131 3558 391 3628 conieci310cusll
415 3563 529 3626 (puncta
547 3561 653 3612 addidit
670 3577 705 3612 m.
719 3562 750 3625 3)
810 3562 918 3618 loeus:
978 3560 1027 3614 loci
1053 3562 1106 3613 duo
1130 3560 1206 3614 codd.

130 3629 236 3680 Ilcinaa'r‘
296 3636 387 3696 pateus
405 3644 503 3681 summa
522 3628 598 3682 fessis
615 3629 659 3682 lux
677 3629 781 3681 Merkel
840 3626 996 3683 astituat
1057 3644 1107 3696 que
1124 3644 1206 3681 orm

131 3699 181 3749 398
197 3691 280 3765 ipsanio
294 3697 398 3749 matheo
411 3699 525 3763 (puncta
536 3713 668 3749 nonam.
681 3701 709 3761 1)
722 3695 747 3749 ll
799 3693 981 3766 psamantaei
1032 3696 1207 3764 plrsamaicec

131 3766 181 3816 339
199 3766 360 3831 precautisa
420 3769 471 3817 400
489 3761 635 3818 aeacidisl
694 3768 741 3819 404
763 3766 788 3817 in
806 3764 917 3833 agrislll
969 3765 1002 3817 ab
1020 3765 1102 3816 acris
1156 3767 1205 3817 404

130 3839 283 3951 ᾖηεῑετᾳυε
300 3833 334 3885 D.
352 3833 478 3884 uanum
547 3834 730 3902 pariterqued
803 3838 852 3889 403
871 3834 934 3887 illud
952 3834 1088 3902 Bartyclca
1155 3835 1205 3886 408

159 3906 248 3967 agelas
265 3900 441 3954 adiit-illuc
459 3900 484 3953 ll
