2692 4230
117 125 182 191 318
418 191 421 196 Δ
542 137 733 194 -ltlt‘t'hltht
984 155 1063 193 orcus.
1093 157 1189 195 4444444
1272 143 1274 147 ’

117 323 263 387 passaque
283 306 346 371 e'rat
367 308 490 372 nebulas
510 305 608 368 ventis
628 325 664 368 ac
683 305 747 369 sole
769 309 891 390 recludi)
1139 321 1185 372 too

117 390 354 474 criminibusque
375 397 515 474 premunt
535 389 613 451 veris
633 408 794 471 regemque
815 406 975 477 reposcunt

119 476 235 557 vimque
257 478 358 540 lerunt
377 474 529 552 saevisque
550 483 656 554 parant
677 473 824 538 incessere
846 480 919 543 telis.

115 559 165 623 illa
189 580 302 624 nocens
323 559 436 640 spargit
458 557 537 618 virus
558 575 705 640 sucosque
726 562 831 621 veneni

82 659 86 667 ’
116 654 147 707 et
166 645 291 707 Noctem
314 643 474 722 Noctisque
496 642 568 704 deos
590 643 746 724 Ereboque
768 643 907 726 Chaoque

115 738 259 791 convocat
279 737 309 789 et
330 725 428 804 longis
451 725 579 789 Hecaten
603 727 762 791 ululatibus
785 740 859 791 orat.

116 813 260 876 exsiluere
282 811 349 872 loco
371 810 464 886 (dictu
486 811 630 890 mirabile)
652 812 750 887 silvae,

115 896 319 976 ingemuitque
340 895 448 969 solum,
469 896 625 979 vicinaque
648 897 752 980 palluit
771 897 869 972 arbor,

114 999 274 1063 sparsaque
295 980 466 1059 sanguineis
487 983 665 1045 maduerunt
685 980 791 1064 pabula
813 982 913 1062 guttis,
998 992 1002 1000 '

114 1074 145 1127 et
166 1064 279 1145 lapides
299 1064 353 1126 risi
375 1065 506 1144 mugitus
528 1068 614 1130 edere
635 1086 752 1141 raucos,

114 1158 144 1210 et
164 1148 269 1211 latrare
291 1168 382 1211 canes
403 1159 433 1212 et
453 1151 562 1213 humus
583 1152 772 1235 serpentibus
792 1151 862 1214 atris

113 1232 248 1313 squalere
270 1242 300 1295 et
321 1244 427 1297 tenues
447 1235 562 1298 animae
583 1237 704 1301 volitare
724 1236 873 1300 silentum.

112 1319 270 1381 attonitum
293 1319 435 1383 monstris
456 1321 561 1400 vulgus
583 1332 681 1403 pavet:
705 1322 754 1385 illa
775 1320 906 1404 paventis

113 1421 164 1465 ora
186 1415 331 1468 venenata
353 1406 451 1485 tetigit
472 1407 607 1468 mirantia
628 1407 719 1487 virga.

112 1489 198 1551 cuius
219 1490 255 1552 ab
276 1500 387 1553 attactu
408 1491 553 1567 variarum
575 1502 707 1553 monstra
730 1494 857 1554 terarum

112 1574 143 1636 in
165 1575 287 1637 iuvenes
308 1576 447 1637 veniunt:
472 1575 546 1634 nulli
568 1594 621 1635 sua
642 1577 750 1636 mansit
770 1577 877 1653 imago.
928 1613 930 1618 ν

196 1660 351 1740 Sparserat
372 1658 513 1719 occiduus
535 1657 681 1720 Tartessia
703 1659 788 1720 litora
810 1659 955 1733 Phoebus,

111 1753 141 1805 et
162 1744 270 1805 frustra
292 1743 423 1804 coniunx
445 1742 539 1804 oculis
559 1743 720 1824 animoque
741 1743 879 1804 Canentis

111 1837 296 1908 exspectatus
318 1837 389 1889 erat.
434 1827 534 1890 famuli
556 1829 744 1910 populusque
766 1846 819 1909 per
840 1845 942 1889 omnes

111 1913 282 1974 discurrunt
302 1912 388 1974 silvas
408 1922 498 1992 atque
519 1913 603 1975 obvia
626 1913 738 1975 lumina
759 1925 887 1994 portant.

112 2015 168 2058 nee
188 1999 260 2058 satis
282 2008 327 2059 est
349 1998 495 2078 nymphae
516 1998 589 2059 llere
610 2006 641 2058 et
661 1997 789 2060 lacerare
810 1997 932 2079 capillos

111 2092 140 2143 et
161 2082 231 2144 dare
253 2080 442 2163 plangorem:
465 2082 535 2144 lacit
556 2083 629 2144 haec
651 2092 747 2144 tamen
770 2084 869 2143 omnia
890 2100 978 2162 seque

110 2167 237 2247 proripit
259 2185 294 2229 ao
316 2166 414 2228 Latios
436 2176 514 2228 errat
536 2184 640 2227 vesana
662 2186 717 2248 per
737 2185 833 2245 agros.

110 2269 162 2312 sex
183 2252 262 2312 illam
286 2263 398 2323 noctes,
421 2251 541 2313 totidem
564 2252 716 2313 redeuntia
738 2251 809 2312 solis

109 2334 220 2397 lumina
243 2336 379 2397 viderunt
400 2335 520 2417 inopem
542 2337 700 2416 somnique
721 2335 838 2416 tibique

110 2439 164 2501 per
184 2421 263 2499 iuga,
286 2440 339 2502 per
360 2419 458 2494 14411444,
480 2439 538 2501 qua
560 2421 622 2482 lors
643 2420 777 2494 ducebat,
799 2428 930 2482 euntem.

108 2506 232 2568 ultimus
253 2506 387 2586 adspexit
408 2505 534 2585 Thybris
556 2506 699 2586 luctuque
721 2507 825 2586 viaque

108 2591 214 2652 lessam
237 2599 265 2651 et
288 2591 345 2651 iam
368 2590 456 2669 longa
479 2601 639 2671 ponentem
661 2609 786 2671 corpora
808 2589 880 2670 ripa.

109 2675 169 2736 illic
190 2693 259 2736 cum
281 2674 410 2736 lacrimis
431 2675 497 2755 ipso
520 2676 668 2737 modulata
689 2676 793 2737 dolore

110 2759 195 2821 rerba
217 2778 293 2821 sono
308 2759 390 2820 tenui
413 2777 549 2822 maerens
571 2760 722 2833 tundebat,
745 2769 778 2820 ut
799 2758 869 2819 olim

108 2846 238 2906 carmina
260 2845 318 2906 iam
341 2845 472 2905 moriens
494 2845 573 2906 canit
595 2844 755 2924 exequialia
777 2861 899 2923 cygnus.

107 2928 237 2991 luctibus
258 2940 421 2991 extremum
443 2937 549 2990 tenues
569 2929 725 3009 liquefacta
748 2928 889 2989 medullas

107 3014 201 3075 tabuit
221 3015 313 3094 inque
335 3013 414 3075 leves
436 3013 577 3095 paulatim
600 3015 717 3076 evanuit
741 3032 835 3075 auras

108 3099 183 3160 lama
206 3109 303 3160 tamen
326 3098 439 3177 signata
461 3098 528 3159 loco
541 3108 605 3172 ,est
628 3117 716 3179 quem
738 3099 793 3160 rite
815 3097 973 3158 Canentem

108 3183 228 3246 nomine
250 3184 287 3244 de
311 3185 455 3263 nymphae
479 3193 590 3246 veteres
611 3184 710 3245 dixere
731 3183 905 3245 tamenaaf‘

107 3268 174 3330 talia
196 3268 290 3329 multa
312 3270 382 3330 mihi
406 3268 528 3346 longum
552 3277 668 3330 narrata
691 3286 876 3349 perannum
1131 3273 1175 3325 415
1232 3275 1235 3279 ’

107 3354 226 3433 visaque
248 3363 327 3414 sunt.
371 3354 482 3414 resides
504 3363 532 3413 et
554 3353 747 3414 desuetudine
769 3351 842 3414 tardi

174 3542 224 3592 4611
242 3544 269 3590 41
286 3553 307 3591 s.
326 3536 420 3589 resolvi
438 3556 452 3589 4
509 3539 559 3590 408
578 3536 718 3588 mboeruut
735 3555 748 3588 4
805 3537 851 3587 411
873 3533 1001 3596 silentum]
1019 3531 1173 3584 ridenturd

105 3609 155 3660 412
212 3613 357 3661 rentumr
425 3607 475 3658 416
498 3611 663 3671 presseratr
731 3603 857 3670 trophesia
876 3602 912 3659 41,
929 3618 998 3652 corr.
1020 3600 1175 3679 [1444446144

105 3671 404 3729 4214411411444444411
456 3674 506 3725 422
525 3680 582 3724 414
633 3671 740 3725 14144441
792 3673 850 3724 426.
859 3671 906 3722 421
927 3668 1175 3721 14444444-1464444

105 3744 154 3795 421
166 3742 236 3794 ricc
288 3748 315 3793 41
327 3741 353 3793 in
366 3740 481 3805 gelidas
532 3745 579 3794 431
596 3738 752 3792 extremisll
799 3743 929 3790 14444444
979 3735 1174 3789 4631444441ι

106 3810 305 3863 1444444411
360 3824 436 3876 quem
455 3809 503 3859 rite
520 3825 556 3859 ea:
573 3806 729 3876 qnaeritell
788 3803 1066 3868 43164444144144414
1122 3805 1172 3855 436

94 3894 163 3932 aare
179 3895 208 3947 p.
227 3880 380 3944 4.]444441414
398 3893 443 3947 per
460 3876 574 3931 evumC
637 3878 689 3930 436
706 3875 836 3942 multaque
853 3872 948 3926 suutC
1010 3870 1089 3924 etde
1112 3886 1174 3922 con·
