2692 4230
110 124 174 186 320
577 133 731 187 ΜΕΤΔΜΜ.
804 148 937 199 promes.
966 149 1100 190 otonone
1116 153 1180 202 ares

112 302 245 378 fulmina,
267 317 395 380 noctem,
416 303 537 376 imbres,
559 302 634 362 iram
657 300 789 382 caelique
809 306 956 387 marisque

112 389 295 469 perpetimur
316 390 407 452 Danai
429 384 644 464 cumulumque
665 383 813 465 Capherea
835 390 935 453 cladis.

113 492 186 536 neve
207 493 306 537 morer
326 474 459 535 reserens
480 469 580 530 tristes
602 486 639 530 ex
660 468 764 530 ordine
785 490 879 548 casus,

113 557 232 621 Graecia
255 570 317 620 tum
340 553 437 637 potuit
457 551 575 614 Priamo
599 571 718 633 quoque
739 553 835 616 llenda
857 559 956 623 videri.

112 662 160 704 me
181 654 278 704 tamen
300 639 453 702 armiferae
476 647 624 700 serratum
647 655 717 699 cura
738 637 885 703 Minervae

112 727 250 790 fluctibus
272 725 389 804 eripuit
433 721 538 802 patriis
559 723 611 784 sed
634 740 736 784 rursus
757 723 794 785 ab
816 726 895 802 agris

113 813 216 892 pellor,
239 819 269 870 et
289 808 411 887 antiquo
434 825 581 869 memores
602 809 639 870 de
661 806 780 870 vulnere
801 826 913 889 poenas

112 897 201 974 exigit
221 893 296 954 elma
318 891 427 953 Venus.
469 901 628 973 tantosque
649 891 780 973 peralta
801 892 916 955 labores

111 996 239 1059 aequora
261 976 399 1051 sustinui,
420 985 519 1038 tentos
540 976 731 1040 terrestribus
751 978 851 1052 armis,
883 1031 886 1037 .

113 1073 147 1124 ut
169 1062 239 1122 mibi
261 1061 363 1123 felices
384 1061 445 1123 sint
468 1060 509 1122 illi
531 1081 621 1142 saepe
643 1062 747 1136 vocati,

111 1164 188 1227 quos
210 1147 378 1207 communis
398 1145 493 1208 biems
514 1145 756 1227 inportunusque
776 1146 944 1228 Caphereus

112 1229 215 1291 mersit
235 1231 329 1310 aquis,
352 1229 515 1310 vellemque
537 1233 644 1293 horum
668 1251 736 1314 pars
757 1250 817 1294 una
839 1231 968 1294 inissem.

114 1315 215 1376 ultima
237 1315 294 1376 iam
318 1316 396 1396 passi
417 1316 541 1378 comites
562 1315 701 1399 belloque
723 1318 857 1397 fretoque

112 1399 253 1461 deficiunt
274 1400 423 1481 finemque
443 1411 552 1481 rogant
573 1403 694 1464 erroris.
737 1412 767 1465 at
788 1405 902 1464 Acmon

113 1484 241 1546 fervidus
262 1484 394 1564 iugenio,
414 1495 478 1547 turn
499 1505 570 1547 vero
593 1496 623 1547 et
644 1485 776 1549 cladibus
796 1506 893 1568 asper,

114 1569 204 1649 ,quid
226 1581 372 1650 superest,
394 1570 474 1649 quod
496 1571 554 1630 iam
577 1571 718 1650 patientia
740 1582 833 1633 restra
853 1583 971 1634 recuset

113 1655 199 1725 ferre,
220 1651 317 1715 viril“
340 1654 430 1726 dixit;
455 1652 546 1732 „quid
569 1651 660 1713 babet
681 1653 833 1732 Cytherea,
856 1658 934 1734 quod
956 1655 1041 1731 ultra,

113 1738 185 1800 velle
207 1749 288 1818 puta,
311 1734 419 1798 iaciat?
440 1756 509 1799 nam
531 1737 603 1798 dum
624 1737 726 1819 peiora
746 1737 896 1812 timentur,

112 1834 158 1884 est
179 1823 261 1884 locus
283 1824 313 1882 in
336 1820 458 1883 vulnus:
481 1840 548 1884 sors
569 1832 668 1885 autem
690 1822 741 1884 nbi
763 1823 889 1905 pessima
910 1842 1020 1897 rerum,

112 1906 167 1967 sub
191 1907 315 1986 pedibus
336 1907 425 1969 timor
446 1919 492 1968 est
512 1926 677 1988 meumque
699 1927 812 1970 summa
834 1907 987 1970 malorum.

110 1992 209 2053 audiat
231 1991 305 2073 ipsa,
327 1990 405 2065 licet,
428 2002 467 2066 et,
490 1991 571 2072 quod
594 1992 673 2066 lacit,
696 1993 790 2054 oderit
811 2011 916 2054 omnes

112 2075 166 2136 sub
190 2075 329 2136 Diomede
345 2076 439 2149 uiros,
462 2077 564 2137 odium
587 2086 684 2137 tamen
706 2076 786 2139 illius
807 2096 911 2138 omnes

111 2160 288 2241 spernimus,
311 2170 340 2220 et
362 2178 469 2238 magno
490 2171 547 2222 stat
569 2178 676 2239 magna
697 2161 826 2242 potentia
850 2162 967 2224 nobis“.

110 2245 218 2306 talibus
239 2245 364 2305 inritans
386 2244 529 2306 Venerem
552 2244 731 2307 Pleuronius
752 2250 865 2307 Acmon

110 2328 272 2390 instimulat
295 2328 391 2390 verbis
413 2338 602 2410 veteremque
623 2329 780 2392 resuscitat
801 2331 883 2392 iram.

111 2415 187 2476 diota
211 2415 328 2494 placent
351 2414 468 2495 paucis:
492 2415 609 2476 numeri
632 2415 751 2476 maioris
772 2415 858 2476 amici

111 2503 242 2560 Acmona
264 2499 451 2578 corripimus
495 2499 545 2560 cui
567 2501 748 2581 respondere
771 2499 878 2561 volenti

110 2601 166 2643 uox
189 2584 297 2663 pariter
318 2584 458 2664 vocisque
479 2585 525 2645 ria
547 2596 592 2646 est
614 2594 742 2659 tenuata,
764 2603 925 2664 comaeque

111 2668 141 2728 in
166 2668 279 2749 plumas
301 2668 420 2742 abeunt,
442 2668 554 2746 plumis
577 2688 651 2732 nova
673 2668 748 2731 colla
770 2680 911 2749 teguntur

111 2765 289 2832 pectoraque
312 2763 341 2813 et
363 2765 489 2831 tergum,
511 2753 639 2816 maiores
660 2754 797 2816 bracchia
819 2773 932 2835 pennas
1138 2764 1182 2814 tot

111 2837 274 2918 accipiunt,
297 2837 450 2918 cubitique
471 2837 550 2900 leves
572 2839 729 2900 sinuentur
749 2838 781 2900 in
803 2837 873 2900 alas.

112 2939 219 3000 magna
243 2919 351 3003 pediam
374 2922 483 3001 digitos
504 2941 574 3004 pars
595 2933 731 3004 occupat,
753 2942 864 3003 oreque
885 2942 981 2985 cornu

178 3126 225 3175 stt
247 3122 378 3188 fulgurae
429 3125 479 3175 tte
498 3121 711 3190 lamnlumquec
762 3121 936 3190 capbereabl
988 3122 1067 3176 cladis
1084 3138 1135 3174 om.
1152 3123 1183 3174 lr¹

110 3189 226 3242 vobisbl
279 3194 330 3243 479
351 3190 497 3242 releremA
551 3189 664 3242 reserens
686 3191 727 3240 ed.
745 3190 845 3241 Veneta
863 3207 889 3242 u.
908 3191 974 3243 4486
1024 3192 1071 3244 484
1091 3190 1183 3259 caphe·

110 3259 205 3310 renel}
268 3261 318 3312 484
336 3259 479 3310 terrorisrl
540 3259 633 3310 erroris
649 3259 795 3309 decurritis
852 3273 946 3324 agmon
963 3260 985 3310 Α
1002 3261 1053 3320 (cic
1068 3264 1182 3325 smper)

111 3325 208 3377 Acmon
227 3325 356 3377 llunclrer
415 3327 465 3379 tes
484 3330 511 3377 et
527 3325 614 3376 crab
674 3333 702 3377 et
720 3325 815 3377 talibus
831 3324 856 3376 bt
920 3328 978 3379 485.
988 3328 1046 3380 488.
1055 3330 1113 3381 tac.
1123 3329 1182 3380 tet.

111 3396 169 3445 tat.
183 3395 338 3452 ess-‚tsi
352 3391 445 3445 teau
516 3396 564 3446 tet
589 3391 650 3460 quitl
672 3392 780 3445 ultrac
848 3396 899 3446 488
921 3393 1007 3458 iaciat]
1031 3393 1132 3447 iaceant
1155 3392 1182 3446 Μ

111 3463 264 3514 tat-493.
279 3463 337 3513 499.
353 3464 411 3513 499.
426 3460 518 3514 tarn
588 3463 640 3513 489
660 3465 731 3512 sice
755 3464 826 3512 corti.
843 3460 945 3513 blei-lc.²
1012 3468 1051 3514 est
1067 3463 1139 3515 locus
1155 3463 1182 3515 iu

111 3529 198 3580 uultus
214 3533 256 3589 (ue
273 3526 393 3588 ectitbi
463 3534 504 3580 est
522 3528 595 3580 locus
613 3529 639 3580 in
657 3534 753 3585 rotor
820 3534 861 3581 est
885 3530 910 3581 in
928 3535 988 3582 rota
1006 3531 1077 3582 locus
1094 3531 1184 3584 Helm.

110 3599 206 3659 autem]
224 3602 299 3648 aute
354 3596 505 3648 ererumlr
566 3611 650 3648 rerum
668 3603 738 3648 este
797 3599 844 3648 491
865 3599 902 3661 et]
920 3598 1003 3664 queit
1060 3601 1110 3651 tet
1127 3599 1182 3650 viro

111 3663 135 3714 Μ
204 3664 288 3716 omnis
311 3664 329 3724 (i
354 3667 373 3715 ι’.
389 3662 465 3727 albi
535 3667 587 3716 498
608 3664 688 3716 rieul
756 3663 973 3732 magniloquentia
995 3670 1064 3719 cont
1084 3665 1184 3718 liei-kal

110 3735 160 3784 494
179 3732 285 3784 iuribus
298 3731 410 3798 bentley
462 3731 555 3784 iratum
572 3730 599 3783 bl
652 3733 775 3788 interne
825 3734 1087 3803 assertoremque·
1136 3733 1183 3785 sti·

110 3800 273 3867 mulisqueC
325 3803 376 3853 496
395 3814 500 3852 nurnero
517 3803 544 3860 (o
564 3803 628 3863 tr.)
645 3799 670 3851 bl
721 3803 770 3852 bol
790 3800 977 3868 cubitusqueb
1026 3802 1182 3868 cubitullque

102 3865 134 3917 M
182 3868 336 3921 sinuaturlr
392 3871 442 3922 899
462 3867 573 3937 pentec
