2692 4230
128 135 168 198 68
586 144 740 199 ΜΕΤΑΜΜ.
1091 158 1202 197 accures

128 313 208 395 inpia
230 313 317 376 turba
339 314 444 397 probat
466 315 584 376 lactum.
628 324 690 374 tum
713 315 841 396 denique
862 315 1006 388 Bacchus,

128 399 274 476 (Bacchus
296 400 375 462 enim
398 400 505 475 luerat)
525 397 614 458 veluti
637 397 765 459 clamore
786 401 901 464 solutus
1156 409 1201 459 ead

128 484 165 546 sit
188 502 279 565 sopor
300 504 377 566 aque
398 500 480 595 merp
502 481 624 543 redeant
646 482 677 543 in
701 492 819 563 pectora
842 504 957 557 seusus,

128 569 227 716 llil
243 567 450 715 ‘ettad
471 563 933 712 ilmll²itilll”llltnllll‘
956 576 1074 641 ''²⁰¹³‘'

129 673 392 884 &ponelim‘plqmfft‘
414 668 906 879 P'Elffissssissfgmpsssffilfinffm
928 748 1032 819 portus
1157 828 1201 880 635

165 840 274 884 eveus
337 838 442 893 rma„
575 862 585 878 .
726 838 774 877 r.
899 871 902 878 .

129 907 272 983 „Naxon“
294 905 335 966 ait
355 901 444 963 Liber
466 920 590 978 „cursus
610 838 750 964 advdltite
771 912 891 964 vestros.

127 991 177 1053 illa
199 990 271 1051 mihi
293 989 399 1049 domus
420 995 479 1048 est:
502 985 585 1047 vobis
607 988 663 1049 erit
683 988 798 1070 hospita
820 987 937 1048 tellus.“

128 1095 182 1158 per
203 1090 284 1135 mare
306 1071 424 1133 fallaces
444 1089 557 1152 perque
578 1072 677 1135 omnia
700 1074 821 1135 numina
844 1072 942 1133 iurant

128 1160 171 1221 sic
193 1160 256 1218 lore
277 1175 385 1236 meque
406 1155 509 1219 iubent
530 1157 625 1239 pictae
647 1159 716 1222 dare
737 1159 799 1221 vela
820 1158 947 1220 carinae.

128 1244 245 1304 dextera
268 1240 365 1302 Naxos
387 1251 460 1303 erat.
503 1242 604 1306 dextra
625 1243 697 1306 mihi
720 1244 810 1306 lintea
832 1241 912 1305 danti
1157 1253 1202 1303 cto

129 1325 220 1406 „quid
243 1326 325 1401 lacis,
348 1344 366 1387 o
387 1325 532 1390 demens?
554 1329 621 1409 quis
642 1339 672 1391 te
693 1326 866 1392 luror—l“
890 1327 989 1409 inquit
1011 1324 1160 1407 Opheltes.

129 1429 183 1491 pro
205 1429 237 1472 se
260 1411 386 1493 quisque
407 1412 499 1475 timet.
544 1413 673 1489 „laevam
696 1417 783 1495 pete“
806 1413 930 1475 maxima
954 1421 1027 1474 nutu

129 1514 197 1576 pars
217 1496 291 1558 mihi
313 1497 467 1577 significat,
490 1516 558 1578 pars
580 1499 650 1578 quid
672 1499 742 1560 velit
762 1518 815 1560 ore
836 1506 979 1560 susurrat.

129 1581 258 1663 obstipui
282 1582 417 1660 „capiat“
442 1600 500 1663 que
522 1582 648 1661 „aliquis
670 1583 888 1644 moderamiua“
912 1583 969 1644 dixi

128 1685 235 1747 meque
257 1667 421 1727 ministerio
443 1664 620 1745 scelerisque
642 1667 771 1746 artisque
794 1668 914 1729 removi.
1158 1672 1201 1722 645

129 1752 268 1832 increpor
289 1771 306 1812 a
328 1750 453 1823 cunctis,
476 1759 631 1829 totumque
653 1750 847 1813 inmurmurat
870 1770 986 1831 agmen.

129 1855 145 1897 e
167 1836 275 1916 quibus
298 1833 450 1895 Aethalion
475 1843 523 1909 „te
544 1834 657 1896 scilicet
679 1835 774 1896 omnis
796 1836 827 1896 in
850 1855 911 1897 uno

129 1929 229 1981 nostra
250 1919 329 1980 salus
352 1919 445 1999 posita
468 1922 531 1980 est“
554 1919 595 1980 ait
616 1929 646 1980 et
668 1918 746 1981 subit
768 1920 832 1999 ipse
853 1938 1013 1999 meumque

129 2003 226 2084 explet
248 2022 325 2085 opus
346 2002 486 2084 Naxoque
507 2005 581 2085 petit
602 2004 714 2065 diversa
736 2003 846 2066 relicta.

128 2099 190 2150 tum
213 2089 286 2150 deus
308 2088 455 2163 inludens,
476 2098 623 2169 tamquam
647 2090 734 2150 modo
756 2089 884 2169 denique
906 2087 1038 2149 lraudem
1159 2095 1202 2145 dtu

128 2174 263 2247 senserit,
288 2193 304 2234 e
325 2175 420 2255 puppi
443 2184 567 2255 pontum
589 2184 759 2254 prospectat
780 2174 892 2235 adunca

131 2268 159 2319 et
181 2259 263 2320 ilenti
298 2258 402 2320 similis
426 2277 505 2334 „non
529 2259 601 2320 lraec
623 2259 693 2320 milri
717 2260 812 2332 litora,
836 2267 951 2332 nautae,

129 2342 326 2424 promisistis“
350 2344 400 2417 ait,
424 2362 504 2418 „non
528 2344 600 2405 haec
621 2344 691 2405 mihi
716 2356 791 2405 terra
814 2353 914 2423 rogata
936 2352 990 2404 est.

130 2446 188 2508 quo
210 2427 306 2488 merui
329 2446 454 2509 poenam
477 2426 579 2490 lacto?
601 2448 676 2508 quae
698 2428 791 2507 gloria
814 2439 910 2490 vestra
932 2440 985 2501 est,

129 2514 153 2573 si
176 2531 301 2593 puerum
326 2513 456 2586 iuvenes,
479 2514 502 2574 si
525 2513 611 2575 multi
634 2513 734 2574 lallitis
754 2532 846 2574 unum
856 2510 891 2572 ?“
1158 2521 1202 2570 655

129 2598 298 2658 iamdudum
322 2598 442 2659 flebam:
465 2598 601 2661 lacrimas
622 2617 727 2659 manus
749 2598 829 2679 inpia
853 2608 968 2659 nostras

128 2682 204 2743 ridet
227 2693 256 2742 et
277 2682 394 2762 inpellit
416 2683 643 2765 properantibus
665 2702 791 2764 aequora
813 2683 912 2745 remis.

130 2785 183 2848 per
204 2766 257 2827 tibi
281 2786 361 2828 nunc
383 2767 479 2848 ipsum
503 2769 572 2845 (nec
593 2769 672 2828 enirn
695 2768 878 2850 praesentior
899 2766 950 2828 illo

129 2862 174 2913 est
195 2853 279 2926 deus)
302 2851 496 2921 adiunctam
519 2872 565 2915 me
588 2853 640 2913 tibi
662 2872 728 2913 vera
751 2855 872 2924 referre,

130 2955 216 3017 quam
238 2936 299 2997 veri
321 2937 431 2997 maiora
454 2937 518 2997 lide.
563 2938 642 2998 stetit
663 2956 792 3017 aequore
813 2937 924 3019 puppis

130 3022 206 3083 haud
229 3021 314 3083 aliter
336 3040 422 3101 quant
445 3021 469 3083 si
491 3022 601 3084 siccum
626 3023 726 3083 navale
747 3033 870 3084 teneret.

129 3104 170 3166 illi
193 3106 373 3168 admirantes
394 3124 542 3169 remorum
565 3107 596 3168 in
618 3106 739 3168 verbere
761 3115 894 3186 perstant

128 3190 249 3272 velaque
271 3192 422 3252 deducunt
442 3192 617 3272 geminaque
640 3210 698 3273 ope
719 3210 838 3253 currere
860 3197 1016 3270 temptant.

131 3274 296 3357 impediunt
317 3276 442 3338 hederae
463 3295 560 3338 remos
582 3295 720 3356 nexuque
741 3294 865 3338 recurvo

197 3429 245 3479 631
265 3431 342 3492 atque
360 3440 429 3478 mero
448 3425 468 3478 ll
515 3433 592 3494 atque
610 3443 624 3478 a
642 3440 713 3544 rpgro
731 3421 761 3544 l¹
773 3425 938 3544 adiprpeetore
953 3422 979 3475 M
1024 3423 1053 3541 iq
1068 3426 1171 3542 piqttqge
1189 3439 1203 3472 a

129 3563 178 3613 636
204 3561 295 3614 sistere
319 3564 357 3624 (re
374 3565 393 3613 i.
410 3563 444 3627 r.)
461 3560 486 3613 ll
556 3564 606 3615 636
624 3577 706 3613 naxon
724 3589 757 3600 -
775 3561 914 3612 avertitea
984 3561 1033 3611 646
1054 3557 1158 3611 dextera
1176 3555 1202 3608 ll

129 3696 250 3750 dextras
286 3643 411 3749 naxgltt
466 3699 513 3750 641
534 3696 627 3749 oleltes
643 3700 662 3748 a'.
680 3715 704 3749 r.
721 3695 764 3747 Μ’
798 3696 957 3757 actclrleter
1009 3695 1059 3746 tta
1077 3707 1124 3761 per
1140 3689 1203 3744 sel

130 3763 310 3843 persequitur?
331 3765 425 3845 retine)
444 3764 600 3844 concilim
649 3767 698 3819 643
717 3780 761 3816 ore
779 3763 977 3851 centumalo
1010 3760 1104 3813 aurel
1152 3762 1202 3813 644

114 3831 256 3947 flue
270 3829 710 3965 4444444444,11
723 3837 772 3952 4
791 3847 892 3954 tan
905 3829 956 3951 4
