<?xml version="1.0" encoding="UTF-8"?>
<!DOCTYPE html PUBLIC "-//W3C//DTD XHTML 1.0 Transitional//EN"
    "http://www.w3.org/TR/xhtml1/DTD/xhtml1-transitional.dtd">
<html xmlns="http://www.w3.org/1999/xhtml" xml:lang="en" lang="en">
 <head>
  <title>
</title>
<meta http-equiv="Content-Type" content="text/html;charset=utf-8" />
  <meta name='ocr-system' content='tesseract 3.04.00' />
  <meta name='ocr-capabilities' content='ocr_page ocr_carea ocr_par ocr_line ocrx_word'/>
</head>
<body>
  <div class='ocr_page' id='page_1' title='image "./povidinasonisme00korngoog_0124.png"; bbox 0 0 2692 4230; ppageno 0'>
   <div class='ocr_carea' id='block_1_1' title="bbox 148 112 782 177">
    <p class='ocr_par' dir='ltr' id='par_1_1' title="bbox 148 112 782 177">
     <span class='ocr_line' id='line_1_1' title="bbox 148 112 782 177; baseline -0.006 -11"><span class='ocrx_word' id='word_1_1' title='bbox 148 128 229 166; x_wconf 77' lang='lat' dir='ltr'>orante</span> <span class='ocrx_word' id='word_1_2' title='bbox 590 112 621 177; x_wconf 89' lang='lat' dir='ltr'>V,</span> <span class='ocrx_word' id='word_1_3' title='bbox 638 114 782 166; x_wconf 77' lang='lat' dir='ltr'>stt-tas,</span> 
     </span>
    </p>
   </div>
   <div class='ocr_carea' id='block_1_2' title="bbox 140 281 1077 3255">
    <p class='ocr_par' dir='ltr' id='par_1_2' title="bbox 150 281 942 540">
     <span class='ocr_line' id='line_1_2' title="bbox 151 281 867 362; baseline -0.001 -13"><span class='ocrx_word' id='word_1_4' title='bbox 151 287 261 350; x_wconf 76' lang='lat' dir='ltr'>excutit</span> <span class='ocrx_word' id='word_1_5' title='bbox 284 287 407 351; x_wconf 87' lang='lat' dir='ltr'>obscura</span> <span class='ocrx_word' id='word_1_6' title='bbox 430 285 534 345; x_wconf 89' lang='lat' dir='ltr'>tinctas</span> <span class='ocrx_word' id='word_1_7' title='bbox 557 281 707 362; x_wconf 87' lang='lat' dir='ltr'>lerrugine</span> <span class='ocrx_word' id='word_1_8' title='bbox 728 285 867 359; x_wconf 84' lang='lat' dir='ltr'>habenas,</span> 
     </span>
     <span class='ocr_line' id='line_1_3' title="bbox 151 366 942 456; baseline -0.008 -20"><span class='ocrx_word' id='word_1_9' title='bbox 151 392 263 456; x_wconf 81' lang='lat' dir='ltr'>perque</span> <span class='ocrx_word' id='word_1_10' title='bbox 285 373 366 434; x_wconf 89' lang='lat' dir='ltr'>lacus</span> <span class='ocrx_word' id='word_1_11' title='bbox 388 370 462 432; x_wconf 90' lang='lat' dir='ltr'>altos</span> <span class='ocrx_word' id='word_1_12' title='bbox 484 377 513 428; x_wconf 93' lang='lat' dir='ltr'>et</span> <span class='ocrx_word' id='word_1_13' title='bbox 534 366 642 430; x_wconf 88' lang='lat' dir='ltr'>olentia</span> <span class='ocrx_word' id='word_1_14' title='bbox 664 369 806 452; x_wconf 78' lang='lat' dir='ltr'><strong>sulphure</strong></span> <span class='ocrx_word' id='word_1_15' title='bbox 827 371 942 432; x_wconf 83' lang='lat' dir='ltr'>iertur.</span> 
     </span>
     <span class='ocr_line' id='line_1_4' title="bbox 150 454 824 540; baseline -0.006 -19"><span class='ocrx_word' id='word_1_16' title='bbox 150 467 252 540; x_wconf 88' lang='lat' dir='ltr'>stagna</span> <span class='ocrx_word' id='word_1_17' title='bbox 274 456 449 525; x_wconf 81' lang='lat' dir='ltr'>Palicorum,</span> <span class='ocrx_word' id='word_1_18' title='bbox 472 460 557 532; x_wconf 86' lang='lat' dir='ltr'>rupta</span> <span class='ocrx_word' id='word_1_19' title='bbox 579 454 717 518; x_wconf 77' lang='lat' dir='ltr'>ferventia</span> <span class='ocrx_word' id='word_1_20' title='bbox 739 466 824 528; x_wconf 80' lang='lat' dir='ltr'>terra,</span> 
     </span>
    </p>

    <p class='ocr_par' dir='ltr' id='par_1_3' title="bbox 150 535 947 705">
     <span class='ocr_line' id='line_1_5' title="bbox 152 535 947 624; baseline -0.005 -19"><span class='ocrx_word' id='word_1_21' title='bbox 152 552 180 605; x_wconf 89' lang='lat' dir='ltr'>et</span> <span class='ocrx_word' id='word_1_22' title='bbox 202 562 259 624; x_wconf 87' lang='lat' dir='ltr'>qua</span> <span class='ocrx_word' id='word_1_23' title='bbox 282 538 470 610; x_wconf 84' lang='lat' dir='ltr'>Bacchiadae,</span> <span class='ocrx_word' id='word_1_24' title='bbox 491 535 593 600; x_wconf 80' lang='lat' dir='ltr'>bimari</span> <span class='ocrx_word' id='word_1_25' title='bbox 615 558 689 619; x_wconf 88' lang='lat' dir='ltr'>gens</span> <span class='ocrx_word' id='word_1_26' title='bbox 710 550 773 602; x_wconf 87' lang='lat' dir='ltr'>orta</span> <span class='ocrx_word' id='word_1_27' title='bbox 795 540 947 617; x_wconf 84' lang='lat' dir='ltr'>Corintho,</span> 
     </span>
     <span class='ocr_line' id='line_1_6' title="bbox 150 621 877 705; baseline -0.006 -15"><span class='ocrx_word' id='word_1_28' title='bbox 150 629 230 690; x_wconf 88' lang='lat' dir='ltr'>inter</span> <span class='ocrx_word' id='word_1_29' title='bbox 252 621 421 704; x_wconf 80' lang='lat' dir='ltr'><strong>inaequales</strong></span> <span class='ocrx_word' id='word_1_30' title='bbox 442 635 605 702; x_wconf 89' lang='lat' dir='ltr'>posuerunt</span> <span class='ocrx_word' id='word_1_31' title='bbox 625 625 742 687; x_wconf 88' lang='lat' dir='ltr'>moenia</span> <span class='ocrx_word' id='word_1_32' title='bbox 763 634 877 705; x_wconf 88' lang='lat' dir='ltr'>portus.</span> 
     </span>
    </p>

    <p class='ocr_par' dir='ltr' id='par_1_4' title="bbox 140 706 1077 3170">
     <span class='ocr_line' id='line_1_7' title="bbox 237 706 960 788; baseline 0.001 -17"><span class='ocrx_word' id='word_1_33' title='bbox 237 710 290 771; x_wconf 86' lang='lat' dir='ltr'>Est</span> <span class='ocrx_word' id='word_1_34' title='bbox 313 706 442 768; x_wconf 88' lang='lat' dir='ltr'>medium</span> <span class='ocrx_word' id='word_1_35' title='bbox 464 707 575 788; x_wconf 71' lang='lat' dir='ltr'>Cyanes</span> <span class='ocrx_word' id='word_1_36' title='bbox 597 718 625 772; x_wconf 91' lang='lat' dir='ltr'>et</span> <span class='ocrx_word' id='word_1_37' title='bbox 647 710 765 770; x_wconf 78' lang='lat' dir='ltr'>Pisaeae</span> <span class='ocrx_word' id='word_1_38' title='bbox 787 710 960 784; x_wconf 75' lang='lat' dir='ltr'>Arethusae,</span> 
     </span>
     <span class='ocr_line' id='line_1_8' title="bbox 151 792 940 879; baseline -0.006 -20"><span class='ocrx_word' id='word_1_39' title='bbox 151 795 230 879; x_wconf 89' lang='lat' dir='ltr'>quod</span> <span class='ocrx_word' id='word_1_40' title='bbox 253 792 314 854; x_wconf 89' lang='lat' dir='ltr'>coit</span> <span class='ocrx_word' id='word_1_41' title='bbox 335 792 469 870; x_wconf 88' lang='lat' dir='ltr'>angustis</span> <span class='ocrx_word' id='word_1_42' title='bbox 490 795 636 856; x_wconf 91' lang='lat' dir='ltr'>inclusum</span> <span class='ocrx_word' id='word_1_43' title='bbox 657 793 798 855; x_wconf 88' lang='lat' dir='ltr'>cornibus</span> <span class='ocrx_word' id='word_1_44' title='bbox 819 811 940 874; x_wconf 88' lang='lat' dir='ltr'>aequor.</span> 
     </span>
     <span class='ocr_line' id='line_1_9' title="bbox 150 877 1077 959; baseline -0.001 -15"><span class='ocrx_word' id='word_1_45' title='bbox 150 882 199 944; x_wconf 90' lang='lat' dir='ltr'>hic</span> <span class='ocrx_word' id='word_1_46' title='bbox 220 877 285 950; x_wconf 71' lang='lat' dir='ltr'>init,</span> <span class='ocrx_word' id='word_1_47' title='bbox 307 895 323 937; x_wconf 90' lang='lat' dir='ltr'>a</span> <span class='ocrx_word' id='word_1_48' title='bbox 344 877 430 938; x_wconf 90' lang='lat' dir='ltr'>cuius</span> <span class='ocrx_word' id='word_1_49' title='bbox 451 889 584 958; x_wconf 89' lang='lat' dir='ltr'>stagnum</span> <span class='ocrx_word' id='word_1_50' title='bbox 608 896 727 959; x_wconf 92' lang='lat' dir='ltr'>quoque</span> <span class='ocrx_word' id='word_1_51' title='bbox 749 877 870 939; x_wconf 88' lang='lat' dir='ltr'>nomine</span> <span class='ocrx_word' id='word_1_52' title='bbox 890 877 1001 940; x_wconf 89' lang='lat' dir='ltr'>dictum</span> <span class='ocrx_word' id='word_1_53' title='bbox 1024 892 1077 957; x_wconf 87' lang='lat' dir='ltr'>cst,</span> 
     </span>
     <span class='ocr_line' id='line_1_10' title="bbox 150 960 890 1044; baseline -0.003 -17"><span class='ocrx_word' id='word_1_54' title='bbox 150 965 227 1027; x_wconf 89' lang='lat' dir='ltr'>inter</span> <span class='ocrx_word' id='word_1_55' title='bbox 248 960 388 1024; x_wconf 81' lang='lat' dir='ltr'>Sicelidas</span> <span class='ocrx_word' id='word_1_56' title='bbox 410 966 506 1044; x_wconf 72' lang='lat' dir='ltr'>Cyane</span> <span class='ocrx_word' id='word_1_57' title='bbox 526 963 715 1026; x_wconf 86' lang='lat' dir='ltr'>celeberrima</span> <span class='ocrx_word' id='word_1_58' title='bbox 738 962 890 1044; x_wconf 78' lang='lat' dir='ltr'>nymphas.</span> 
     </span>
     <span class='ocr_line' id='line_1_11' title="bbox 150 1046 926 1129; baseline -0.003 -19"><span class='ocrx_word' id='word_1_59' title='bbox 150 1046 267 1129; x_wconf 75' lang='lat' dir='ltr'>gurgite</span> <span class='ocrx_word' id='word_1_60' title='bbox 288 1066 364 1127; x_wconf 89' lang='lat' dir='ltr'>quae</span> <span class='ocrx_word' id='word_1_61' title='bbox 387 1049 483 1110; x_wconf 89' lang='lat' dir='ltr'>medio</span> <span class='ocrx_word' id='word_1_62' title='bbox 505 1065 616 1110; x_wconf 89' lang='lat' dir='ltr'>summa</span> <span class='ocrx_word' id='word_1_63' title='bbox 639 1058 726 1109; x_wconf 88' lang='lat' dir='ltr'>tenus</span> <span class='ocrx_word' id='word_1_64' title='bbox 746 1049 842 1110; x_wconf 88' lang='lat' dir='ltr'>extitit</span> <span class='ocrx_word' id='word_1_65' title='bbox 861 1047 926 1109; x_wconf 83' lang='lat' dir='ltr'>alvo</span> 
     </span>
     <span class='ocr_line' id='line_1_12' title="bbox 149 1131 977 1214; baseline -0.001 -18"><span class='ocrx_word' id='word_1_66' title='bbox 149 1131 326 1212; x_wconf 81' lang='lat' dir='ltr'>agnovitque</span> <span class='ocrx_word' id='word_1_67' title='bbox 348 1135 443 1197; x_wconf 88' lang='lat' dir='ltr'>deam.</span> <span class='ocrx_word' id='word_1_68' title='bbox 486 1152 562 1210; x_wconf 90' lang='lat' dir='ltr'>„nec</span> <span class='ocrx_word' id='word_1_69' title='bbox 583 1132 702 1212; x_wconf 89' lang='lat' dir='ltr'>longius</span> <span class='ocrx_word' id='word_1_70' title='bbox 723 1132 802 1195; x_wconf 87' lang='lat' dir='ltr'>ibitis</span> <span class='ocrx_word' id='word_1_71' title='bbox 811 1133 840 1194; x_wconf 87' lang='lat' dir='ltr'>l“</span> <span class='ocrx_word' id='word_1_72' title='bbox 862 1133 977 1214; x_wconf 90' lang='lat' dir='ltr'>inquit;</span> 
     </span>
     <span class='ocr_line' id='line_1_13' title="bbox 149 1217 980 1298; baseline 0.001 -18"><span class='ocrx_word' id='word_1_73' title='bbox 149 1236 231 1295; x_wconf 89' lang='lat' dir='ltr'>„non</span> <span class='ocrx_word' id='word_1_74' title='bbox 254 1227 340 1298; x_wconf 89' lang='lat' dir='ltr'>potes</span> <span class='ocrx_word' id='word_1_75' title='bbox 361 1220 468 1280; x_wconf 86' lang='lat' dir='ltr'>invitae</span> <span class='ocrx_word' id='word_1_76' title='bbox 490 1217 603 1279; x_wconf 85' lang='lat' dir='ltr'>Cereris</span> <span class='ocrx_word' id='word_1_77' title='bbox 624 1235 717 1296; x_wconf 90' lang='lat' dir='ltr'>gener</span> <span class='ocrx_word' id='word_1_78' title='bbox 737 1237 816 1280; x_wconf 87' lang='lat' dir='ltr'>esse:</span> <span class='ocrx_word' id='word_1_79' title='bbox 839 1220 980 1297; x_wconf 83' lang='lat' dir='ltr'>roganda,</span> 
     </span>
     <span class='ocr_line' id='line_1_14' title="bbox 149 1302 948 1384; baseline 0.001 -19"><span class='ocrx_word' id='word_1_80' title='bbox 149 1321 209 1365; x_wconf 90' lang='lat' dir='ltr'>non</span> <span class='ocrx_word' id='word_1_81' title='bbox 232 1302 373 1384; x_wconf 87' lang='lat' dir='ltr'>rapienda</span> <span class='ocrx_word' id='word_1_82' title='bbox 395 1304 460 1365; x_wconf 88' lang='lat' dir='ltr'>init.</span> <span class='ocrx_word' id='word_1_83' title='bbox 504 1303 607 1382; x_wconf 90' lang='lat' dir='ltr'>quodsi</span> <span class='ocrx_word' id='word_1_84' title='bbox 630 1320 810 1384; x_wconf 89' lang='lat' dir='ltr'>componere</span> <span class='ocrx_word' id='word_1_85' title='bbox 831 1305 948 1382; x_wconf 89' lang='lat' dir='ltr'>magnis</span> 
     </span>
     <span class='ocr_line' id='line_1_15' title="bbox 148 1387 860 1470; baseline -0.003 -20"><span class='ocrx_word' id='word_1_86' title='bbox 148 1407 235 1470; x_wconf 84' lang='lat' dir='ltr'>parva</span> <span class='ocrx_word' id='word_1_87' title='bbox 257 1388 329 1450; x_wconf 92' lang='lat' dir='ltr'>mihi</span> <span class='ocrx_word' id='word_1_88' title='bbox 352 1387 394 1449; x_wconf 86' lang='lat' dir='ltr'>las</span> <span class='ocrx_word' id='word_1_89' title='bbox 416 1396 470 1460; x_wconf 88' lang='lat' dir='ltr'>est,</span> <span class='ocrx_word' id='word_1_90' title='bbox 491 1396 521 1448; x_wconf 86' lang='lat' dir='ltr'>et</span> <span class='ocrx_word' id='word_1_91' title='bbox 542 1404 589 1448; x_wconf 91' lang='lat' dir='ltr'>me</span> <span class='ocrx_word' id='word_1_92' title='bbox 609 1388 711 1451; x_wconf 90' lang='lat' dir='ltr'>dilexit</span> <span class='ocrx_word' id='word_1_93' title='bbox 732 1387 860 1469; x_wconf 74' lang='lat' dir='ltr'>Anapis:</span> 
     </span>
     <span class='ocr_line' id='line_1_16' title="bbox 147 1473 941 1553; baseline -0.003 -18"><span class='ocrx_word' id='word_1_94' title='bbox 147 1481 264 1536; x_wconf 86' lang='lat' dir='ltr'>exorata</span> <span class='ocrx_word' id='word_1_95' title='bbox 287 1484 395 1546; x_wconf 84' lang='lat' dir='ltr'>tamen,</span> <span class='ocrx_word' id='word_1_96' title='bbox 419 1490 483 1543; x_wconf 85' lang='lat' dir='ltr'>nec,</span> <span class='ocrx_word' id='word_1_97' title='bbox 505 1481 536 1533; x_wconf 89' lang='lat' dir='ltr'>ut</span> <span class='ocrx_word' id='word_1_98' title='bbox 558 1473 640 1546; x_wconf 85' lang='lat' dir='ltr'>haec,</span> <span class='ocrx_word' id='word_1_99' title='bbox 662 1473 799 1534; x_wconf 88' lang='lat' dir='ltr'>exterrita</span> <span class='ocrx_word' id='word_1_100' title='bbox 823 1473 941 1553; x_wconf 86' lang='lat' dir='ltr'>nupsi.“</span> 
     </span>
     <span class='ocr_line' id='line_1_17' title="bbox 146 1556 896 1636; baseline -0.003 -16"><span class='ocrx_word' id='word_1_101' title='bbox 146 1559 217 1620; x_wconf 83' lang='lat' dir='ltr'>dixit</span> <span class='ocrx_word' id='word_1_102' title='bbox 241 1567 268 1618; x_wconf 89' lang='lat' dir='ltr'>et</span> <span class='ocrx_word' id='word_1_103' title='bbox 292 1557 322 1618; x_wconf 89' lang='lat' dir='ltr'>in</span> <span class='ocrx_word' id='word_1_104' title='bbox 345 1566 444 1636; x_wconf 85' lang='lat' dir='ltr'>partes</span> <span class='ocrx_word' id='word_1_105' title='bbox 464 1556 590 1619; x_wconf 83' lang='lat' dir='ltr'>diversas</span> <span class='ocrx_word' id='word_1_106' title='bbox 610 1557 746 1619; x_wconf 88' lang='lat' dir='ltr'>bracchia</span> <span class='ocrx_word' id='word_1_107' title='bbox 770 1557 896 1619; x_wconf 88' lang='lat' dir='ltr'>tendens</span> 
     </span>
     <span class='ocr_line' id='line_1_18' title="bbox 147 1640 889 1717; baseline 0 -13"><span class='ocrx_word' id='word_1_108' title='bbox 147 1640 269 1706; x_wconf 88' lang='lat' dir='ltr'>obstitit.</span> <span class='ocrx_word' id='word_1_109' title='bbox 314 1642 391 1703; x_wconf 90' lang='lat' dir='ltr'>haud</span> <span class='ocrx_word' id='word_1_110' title='bbox 413 1642 488 1704; x_wconf 90' lang='lat' dir='ltr'>ultra</span> <span class='ocrx_word' id='word_1_111' title='bbox 511 1643 605 1703; x_wconf 91' lang='lat' dir='ltr'>tenuit</span> <span class='ocrx_word' id='word_1_112' title='bbox 626 1642 784 1704; x_wconf 85' lang='lat' dir='ltr'>Saturnius</span> <span class='ocrx_word' id='word_1_113' title='bbox 806 1643 889 1717; x_wconf 90' lang='lat' dir='ltr'>iram,</span> 
     </span>
     <span class='ocr_line' id='line_1_19' title="bbox 146 1725 898 1806; baseline -0.001 -16"><span class='ocrx_word' id='word_1_114' title='bbox 146 1725 352 1806; x_wconf 84' lang='lat' dir='ltr'>terribilesque</span> <span class='ocrx_word' id='word_1_115' title='bbox 373 1727 506 1788; x_wconf 86' lang='lat' dir='ltr'>hortatus</span> <span class='ocrx_word' id='word_1_116' title='bbox 527 1744 618 1806; x_wconf 85' lang='lat' dir='ltr'>equos</span> <span class='ocrx_word' id='word_1_117' title='bbox 641 1727 671 1787; x_wconf 91' lang='lat' dir='ltr'>in</span> <span class='ocrx_word' id='word_1_118' title='bbox 695 1727 818 1806; x_wconf 91' lang='lat' dir='ltr'>gurgitis</span> <span class='ocrx_word' id='word_1_119' title='bbox 840 1726 898 1789; x_wconf 90' lang='lat' dir='ltr'>ima</span> 
     </span>
     <span class='ocr_line' id='line_1_20' title="bbox 145 1810 852 1891; baseline 0 -17"><span class='ocrx_word' id='word_1_120' title='bbox 145 1820 317 1874; x_wconf 89' lang='lat' dir='ltr'>contortum</span> <span class='ocrx_word' id='word_1_121' title='bbox 338 1810 432 1872; x_wconf 88' lang='lat' dir='ltr'>valido</span> <span class='ocrx_word' id='word_1_122' title='bbox 455 1821 602 1891; x_wconf 82' lang='lat' dir='ltr'>sceptrum</span> <span class='ocrx_word' id='word_1_123' title='bbox 624 1811 722 1890; x_wconf 89' lang='lat' dir='ltr'>regale</span> <span class='ocrx_word' id='word_1_124' title='bbox 743 1812 852 1874; x_wconf 90' lang='lat' dir='ltr'>lacerto</span> 
     </span>
     <span class='ocr_line' id='line_1_21' title="bbox 145 1895 856 1960; baseline 0.001 -1"><span class='ocrx_word' id='word_1_125' title='bbox 145 1896 285 1960; x_wconf 87' lang='lat' dir='ltr'>condidit.</span> <span class='ocrx_word' id='word_1_126' title='bbox 307 1895 365 1958; x_wconf 89' lang='lat' dir='ltr'>icta</span> <span class='ocrx_word' id='word_1_127' title='bbox 386 1897 461 1958; x_wconf 83' lang='lat' dir='ltr'>viam</span> <span class='ocrx_word' id='word_1_128' title='bbox 485 1895 570 1958; x_wconf 87' lang='lat' dir='ltr'>tellus</span> <span class='ocrx_word' id='word_1_129' title='bbox 592 1897 622 1958; x_wconf 93' lang='lat' dir='ltr'>in</span> <span class='ocrx_word' id='word_1_130' title='bbox 644 1896 763 1960; x_wconf 85' lang='lat' dir='ltr'>Tartara</span> <span class='ocrx_word' id='word_1_131' title='bbox 786 1898 856 1960; x_wconf 88' lang='lat' dir='ltr'>lecit</span> 
     </span>
     <span class='ocr_line' id='line_1_22' title="bbox 145 1982 827 2064; baseline 0 -20"><span class='ocrx_word' id='word_1_132' title='bbox 145 1993 174 2045; x_wconf 91' lang='lat' dir='ltr'>et</span> <span class='ocrx_word' id='word_1_133' title='bbox 196 2000 309 2063; x_wconf 92' lang='lat' dir='ltr'>pronos</span> <span class='ocrx_word' id='word_1_134' title='bbox 331 2000 436 2044; x_wconf 87' lang='lat' dir='ltr'>currus</span> <span class='ocrx_word' id='word_1_135' title='bbox 456 1982 552 2043; x_wconf 90' lang='lat' dir='ltr'>medio</span> <span class='ocrx_word' id='word_1_136' title='bbox 573 1992 685 2044; x_wconf 88' lang='lat' dir='ltr'>cratere</span> <span class='ocrx_word' id='word_1_137' title='bbox 707 1983 827 2064; x_wconf 85' lang='lat' dir='ltr'>recepit.</span> 
     </span>
     <span class='ocr_line' id='line_1_23' title="bbox 143 2066 955 2148; baseline 0.001 -19"><span class='ocrx_word' id='word_1_138' title='bbox 143 2078 174 2130; x_wconf 89' lang='lat' dir='ltr'>at</span> <span class='ocrx_word' id='word_1_139' title='bbox 195 2066 292 2147; x_wconf 77' lang='lat' dir='ltr'>Cyane</span> <span class='ocrx_word' id='word_1_140' title='bbox 314 2076 488 2148; x_wconf 88' lang='lat' dir='ltr'>raptamque</span> <span class='ocrx_word' id='word_1_141' title='bbox 509 2067 590 2127; x_wconf 87' lang='lat' dir='ltr'>deam</span> <span class='ocrx_word' id='word_1_142' title='bbox 613 2076 841 2148; x_wconf 90' lang='lat' dir='ltr'>contemptaque</span> <span class='ocrx_word' id='word_1_143' title='bbox 863 2069 955 2130; x_wconf 86' lang='lat' dir='ltr'>lentis</span> 
     </span>
     <span class='ocr_line' id='line_1_24' title="bbox 143 2150 803 2225; baseline 0 -11"><span class='ocrx_word' id='word_1_144' title='bbox 143 2153 207 2214; x_wconf 91' lang='lat' dir='ltr'>iura</span> <span class='ocrx_word' id='word_1_145' title='bbox 228 2153 275 2213; x_wconf 87' lang='lat' dir='ltr'>sui</span> <span class='ocrx_word' id='word_1_146' title='bbox 297 2169 442 2225; x_wconf 86' lang='lat' dir='ltr'>maerens,</span> <span class='ocrx_word' id='word_1_147' title='bbox 464 2150 675 2212; x_wconf 86' lang='lat' dir='ltr'>inconsolabile</span> <span class='ocrx_word' id='word_1_148' title='bbox 695 2153 803 2214; x_wconf 88' lang='lat' dir='ltr'>vulnus</span> 
     </span>
     <span class='ocr_line' id='line_1_25' title="bbox 144 2235 968 2316; baseline 0.001 -18"><span class='ocrx_word' id='word_1_149' title='bbox 144 2246 243 2298; x_wconf 90' lang='lat' dir='ltr'>mente</span> <span class='ocrx_word' id='word_1_150' title='bbox 265 2237 341 2316; x_wconf 89' lang='lat' dir='ltr'>gerit</span> <span class='ocrx_word' id='word_1_151' title='bbox 362 2236 447 2298; x_wconf 88' lang='lat' dir='ltr'>tacita</span> <span class='ocrx_word' id='word_1_152' title='bbox 469 2235 655 2316; x_wconf 87' lang='lat' dir='ltr'>lacrimisque</span> <span class='ocrx_word' id='word_1_153' title='bbox 675 2236 839 2299; x_wconf 90' lang='lat' dir='ltr'>absumitur</span> <span class='ocrx_word' id='word_1_154' title='bbox 860 2236 968 2311; x_wconf 85' lang='lat' dir='ltr'>omnis,</span> 
     </span>
     <span class='ocr_line' id='line_1_26' title="bbox 143 2321 992 2402; baseline 0.001 -18"><span class='ocrx_word' id='word_1_155' title='bbox 143 2331 172 2384; x_wconf 92' lang='lat' dir='ltr'>et</span> <span class='ocrx_word' id='word_1_156' title='bbox 194 2340 318 2402; x_wconf 82' lang='lat' dir='ltr'>quarum</span> <span class='ocrx_word' id='word_1_157' title='bbox 341 2321 437 2383; x_wconf 90' lang='lat' dir='ltr'>iuerat</span> <span class='ocrx_word' id='word_1_158' title='bbox 457 2339 596 2401; x_wconf 89' lang='lat' dir='ltr'>magnum</span> <span class='ocrx_word' id='word_1_159' title='bbox 617 2323 706 2384; x_wconf 89' lang='lat' dir='ltr'>modo</span> <span class='ocrx_word' id='word_1_160' title='bbox 729 2341 850 2396; x_wconf 85' lang='lat' dir='ltr'>numen,</span> <span class='ocrx_word' id='word_1_161' title='bbox 872 2323 903 2385; x_wconf 92' lang='lat' dir='ltr'>in</span> <span class='ocrx_word' id='word_1_162' title='bbox 927 2322 992 2385; x_wconf 89' lang='lat' dir='ltr'>illas</span> 
     </span>
     <span class='ocr_line' id='line_1_27' title="bbox 143 2406 886 2487; baseline 0.001 -18"><span class='ocrx_word' id='word_1_163' title='bbox 143 2415 317 2469; x_wconf 85' lang='lat' dir='ltr'>extenuatur</span> <span class='ocrx_word' id='word_1_164' title='bbox 338 2424 438 2487; x_wconf 87' lang='lat' dir='ltr'>aquas.</span> <span class='ocrx_word' id='word_1_165' title='bbox 483 2406 589 2468; x_wconf 87' lang='lat' dir='ltr'>molliri</span> <span class='ocrx_word' id='word_1_166' title='bbox 613 2408 740 2470; x_wconf 90' lang='lat' dir='ltr'>membra</span> <span class='ocrx_word' id='word_1_167' title='bbox 763 2407 886 2484; x_wconf 81' lang='lat' dir='ltr'>videres,</span> 
     </span>
     <span class='ocr_line' id='line_1_28' title="bbox 143 2492 875 2573; baseline 0 -19"><span class='ocrx_word' id='word_1_168' title='bbox 143 2510 208 2554; x_wconf 90' lang='lat' dir='ltr'>ossa</span> <span class='ocrx_word' id='word_1_169' title='bbox 232 2493 290 2572; x_wconf 90' lang='lat' dir='ltr'>pati</span> <span class='ocrx_word' id='word_1_170' title='bbox 313 2492 415 2564; x_wconf 80' lang='lat' dir='ltr'>flexus,</span> <span class='ocrx_word' id='word_1_171' title='bbox 439 2509 552 2571; x_wconf 85' lang='lat' dir='ltr'>ungues</span> <span class='ocrx_word' id='word_1_172' title='bbox 573 2493 708 2573; x_wconf 88' lang='lat' dir='ltr'>posuisse</span> <span class='ocrx_word' id='word_1_173' title='bbox 729 2492 875 2572; x_wconf 79' lang='lat' dir='ltr'>rigorem3</span> 
     </span>
     <span class='ocr_line' id='line_1_29' title="bbox 142 2576 982 2660; baseline 0.002 -21"><span class='ocrx_word' id='word_1_174' title='bbox 142 2577 295 2660; x_wconf 90' lang='lat' dir='ltr'>primaque</span> <span class='ocrx_word' id='word_1_175' title='bbox 317 2579 354 2638; x_wconf 90' lang='lat' dir='ltr'>de</span> <span class='ocrx_word' id='word_1_176' title='bbox 376 2587 436 2639; x_wconf 88' lang='lat' dir='ltr'>tota</span> <span class='ocrx_word' id='word_1_177' title='bbox 458 2578 627 2640; x_wconf 90' lang='lat' dir='ltr'>tenuissima</span> <span class='ocrx_word' id='word_1_178' title='bbox 649 2596 783 2658; x_wconf 90' lang='lat' dir='ltr'>quaeque</span> <span class='ocrx_word' id='word_1_179' title='bbox 804 2576 982 2658; x_wconf 86' lang='lat' dir='ltr'>liquescunt,</span> 
     </span>
     <span class='ocr_line' id='line_1_30' title="bbox 143 2661 900 2744; baseline 0.001 -20"><span class='ocrx_word' id='word_1_180' title='bbox 143 2661 267 2724; x_wconf 88' lang='lat' dir='ltr'>caerulei</span> <span class='ocrx_word' id='word_1_181' title='bbox 291 2662 390 2724; x_wconf 88' lang='lat' dir='ltr'>crines</span> <span class='ocrx_word' id='word_1_182' title='bbox 410 2663 552 2744; x_wconf 84' lang='lat' dir='ltr'>digitique</span> <span class='ocrx_word' id='word_1_183' title='bbox 574 2673 603 2724; x_wconf 90' lang='lat' dir='ltr'>et</span> <span class='ocrx_word' id='word_1_184' title='bbox 625 2681 710 2724; x_wconf 86' lang='lat' dir='ltr'>crura</span> <span class='ocrx_word' id='word_1_185' title='bbox 734 2663 900 2744; x_wconf 81' lang='lat' dir='ltr'>pedesque:</span> 
     </span>
     <span class='ocr_line' id='line_1_31' title="bbox 143 2747 937 2827; baseline 0.001 -17"><span class='ocrx_word' id='word_1_186' title='bbox 143 2766 210 2810; x_wconf 90' lang='lat' dir='ltr'>nam</span> <span class='ocrx_word' id='word_1_187' title='bbox 233 2747 328 2809; x_wconf 82' lang='lat' dir='ltr'>brevis</span> <span class='ocrx_word' id='word_1_188' title='bbox 352 2747 381 2810; x_wconf 95' lang='lat' dir='ltr'>in</span> <span class='ocrx_word' id='word_1_189' title='bbox 405 2748 514 2827; x_wconf 91' lang='lat' dir='ltr'>gelidas</span> <span class='ocrx_word' id='word_1_190' title='bbox 536 2747 674 2810; x_wconf 86' lang='lat' dir='ltr'>membris</span> <span class='ocrx_word' id='word_1_191' title='bbox 696 2747 821 2810; x_wconf 86' lang='lat' dir='ltr'>exilibus</span> <span class='ocrx_word' id='word_1_192' title='bbox 843 2749 937 2811; x_wconf 88' lang='lat' dir='ltr'>undas</span> 
     </span>
     <span class='ocr_line' id='line_1_32' title="bbox 141 2833 1004 2915; baseline 0.003 -21"><span class='ocrx_word' id='word_1_193' title='bbox 141 2833 282 2895; x_wconf 88' lang='lat' dir='ltr'>transitus</span> <span class='ocrx_word' id='word_1_194' title='bbox 305 2843 365 2894; x_wconf 82' lang='lat' dir='ltr'>est:</span> <span class='ocrx_word' id='word_1_195' title='bbox 389 2843 457 2914; x_wconf 91' lang='lat' dir='ltr'>post</span> <span class='ocrx_word' id='word_1_196' title='bbox 479 2834 550 2894; x_wconf 87' lang='lat' dir='ltr'>haec</span> <span class='ocrx_word' id='word_1_197' title='bbox 572 2833 665 2894; x_wconf 87' lang='lat' dir='ltr'>umeri</span> <span class='ocrx_word' id='word_1_198' title='bbox 688 2843 848 2913; x_wconf 90' lang='lat' dir='ltr'>tergusque</span> <span class='ocrx_word' id='word_1_199' title='bbox 869 2833 1004 2915; x_wconf 90' lang='lat' dir='ltr'>latusque</span> 
     </span>
     <span class='ocr_line' id='line_1_33' title="bbox 141 2917 880 2999; baseline 0.003 -19"><span class='ocrx_word' id='word_1_200' title='bbox 141 2928 319 2999; x_wconf 89' lang='lat' dir='ltr'>pectoraque</span> <span class='ocrx_word' id='word_1_201' title='bbox 342 2919 371 2980; x_wconf 94' lang='lat' dir='ltr'>in</span> <span class='ocrx_word' id='word_1_202' title='bbox 396 2930 500 2980; x_wconf 86' lang='lat' dir='ltr'>tenues</span> <span class='ocrx_word' id='word_1_203' title='bbox 521 2917 628 2979; x_wconf 85' lang='lat' dir='ltr'>abeunt</span> <span class='ocrx_word' id='word_1_204' title='bbox 651 2918 770 2979; x_wconf 84' lang='lat' dir='ltr'>evanida</span> <span class='ocrx_word' id='word_1_205' title='bbox 793 2919 880 2982; x_wconf 76' lang='lat' dir='ltr'>siros.</span> 
     </span>
     <span class='ocr_line' id='line_1_34' title="bbox 140 3003 845 3085; baseline 0.001 -22"><span class='ocrx_word' id='word_1_206' title='bbox 140 3003 269 3083; x_wconf 89' lang='lat' dir='ltr'>denique</span> <span class='ocrx_word' id='word_1_207' title='bbox 292 3021 346 3085; x_wconf 91' lang='lat' dir='ltr'>pro</span> <span class='ocrx_word' id='word_1_208' title='bbox 369 3004 432 3064; x_wconf 86' lang='lat' dir='ltr'>rivo</span> <span class='ocrx_word' id='word_1_209' title='bbox 455 3003 566 3064; x_wconf 89' lang='lat' dir='ltr'>vitiatas</span> <span class='ocrx_word' id='word_1_210' title='bbox 590 3003 733 3081; x_wconf 87' lang='lat' dir='ltr'>sanguine</span> <span class='ocrx_word' id='word_1_211' title='bbox 757 3022 845 3065; x_wconf 80' lang='lat' dir='ltr'>renas</span> 
     </span>
     <span class='ocr_line' id='line_1_35' title="bbox 141 3088 1045 3170; baseline 0 -22"><span class='ocrx_word' id='word_1_212' title='bbox 141 3089 259 3169; x_wconf 80' lang='lat' dir='ltr'>lympha</span> <span class='ocrx_word' id='word_1_213' title='bbox 283 3088 371 3160; x_wconf 78' lang='lat' dir='ltr'>subit,</span> <span class='ocrx_word' id='word_1_214' title='bbox 394 3099 541 3168; x_wconf 90' lang='lat' dir='ltr'>restatque</span> <span class='ocrx_word' id='word_1_215' title='bbox 564 3088 647 3160; x_wconf 86' lang='lat' dir='ltr'>nihil,</span> <span class='ocrx_word' id='word_1_216' title='bbox 670 3090 748 3169; x_wconf 92' lang='lat' dir='ltr'>quod</span> <span class='ocrx_word' id='word_1_217' title='bbox 771 3091 916 3170; x_wconf 83' lang='lat' dir='ltr'>prendere</span> <span class='ocrx_word' id='word_1_218' title='bbox 939 3088 1045 3170; x_wconf 92' lang='lat' dir='ltr'>possis.</span> 
     </span>
    </p>

    <p class='ocr_par' dir='ltr' id='par_1_5' title="bbox 226 3172 870 3255">
     <span class='ocr_line' id='line_1_36' title="bbox 226 3172 870 3255; baseline 0.003 -22"><span class='ocrx_word' id='word_1_219' title='bbox 226 3172 340 3234; x_wconf 88' lang='lat' dir='ltr'>lnterea</span> <span class='ocrx_word' id='word_1_220' title='bbox 364 3174 481 3255; x_wconf 85' lang='lat' dir='ltr'>pavidae</span> <span class='ocrx_word' id='word_1_221' title='bbox 504 3176 682 3254; x_wconf 87' lang='lat' dir='ltr'>nequiquam</span> <span class='ocrx_word' id='word_1_222' title='bbox 706 3175 762 3234; x_wconf 90' lang='lat' dir='ltr'>lilia</span> <span class='ocrx_word' id='word_1_223' title='bbox 786 3175 870 3235; x_wconf 87' lang='lat' dir='ltr'>matri</span> 
     </span>
    </p>
   </div>
   <div class='ocr_carea' id='block_1_3' title="bbox 207 3356 1213 3459">
    <p class='ocr_par' dir='ltr' id='par_1_6' title="bbox 207 3356 1213 3459">
     <span class='ocr_line' id='line_1_37' title="bbox 207 3356 1213 3459; baseline -0.001 -16"><span class='ocrx_word' id='word_1_224' title='bbox 207 3395 258 3446; x_wconf 80' lang='grc'>404</span> <span class='ocrx_word' id='word_1_225' title='bbox 276 3392 398 3444; x_wconf 88' lang='lat' dir='ltr'>obscuras</span> <span class='ocrx_word' id='word_1_226' title='bbox 418 3356 527 3442; x_wconf 63' lang='lat' dir='ltr'>tineta⁵¹</span> <span class='ocrx_word' id='word_1_227' title='bbox 541 3390 566 3443; x_wconf 99' lang='grc' dir='ltr'><strong>Μ</strong></span> <span class='ocrx_word' id='word_1_228' title='bbox 617 3396 667 3444; x_wconf 76' lang='lat' dir='ltr'>toa</span> <span class='ocrx_word' id='word_1_229' title='bbox 686 3392 762 3456; x_wconf 84' lang='lat' dir='ltr'>altos]</span> <span class='ocrx_word' id='word_1_230' title='bbox 780 3407 868 3444; x_wconf 82' lang='lat' dir='ltr'>sacros</span> <span class='ocrx_word' id='word_1_231' title='bbox 879 3393 1022 3444; x_wconf 75' lang='lat' dir='ltr'>Diomedes</span> <span class='ocrx_word' id='word_1_232' title='bbox 1056 3391 1178 3459; x_wconf 87' lang='lat' dir='ltr'>sulphura</span> <span class='ocrx_word' id='word_1_233' title='bbox 1188 3390 1213 3442; x_wconf 95' lang='grc' dir='ltr'><strong>Μ</strong></span> 
     </span>
    </p>
   </div>
   <div class='ocr_carea' id='block_1_4' title="bbox 137 3525 1216 3937">
    <p class='ocr_par' dir='ltr' id='par_1_7' title="bbox 137 3525 1216 3937">
     <span class='ocr_line' id='line_1_38' title="bbox 138 3525 1216 3595; baseline -0.002 -13"><span class='ocrx_word' id='word_1_234' title='bbox 138 3533 188 3582; x_wconf 75' lang='lat'>410</span> <span class='ocrx_word' id='word_1_235' title='bbox 207 3529 282 3591; x_wconf 68' lang='grc' dir='ltr'>ωέίῑ</span> <span class='ocrx_word' id='word_1_236' title='bbox 299 3527 325 3578; x_wconf 87' lang='grc' dir='ltr'><strong>Μ</strong></span> <span class='ocrx_word' id='word_1_237' title='bbox 377 3531 425 3581; x_wconf 84' lang='grc'>411</span> <span class='ocrx_word' id='word_1_238' title='bbox 439 3529 544 3595; x_wconf 74' lang='lat' dir='ltr'>ecu{ins</span> <span class='ocrx_word' id='word_1_239' title='bbox 556 3526 581 3578; x_wconf 85' lang='lat' dir='ltr'>M</span> <span class='ocrx_word' id='word_1_240' title='bbox 632 3528 779 3581; x_wconf 87' lang='lat' dir='ltr'>dictumest</span> <span class='ocrx_word' id='word_1_241' title='bbox 793 3529 895 3580; x_wconf 84' lang='lat' dir='ltr'>nornine</span> <span class='ocrx_word' id='word_1_242' title='bbox 912 3529 1181 3593; x_wconf 79' lang='lat' dir='ltr'>(nom.odd.m.ree.)</span> <span class='ocrx_word' id='word_1_243' title='bbox 1200 3525 1216 3580; x_wconf 86' lang='grc' dir='ltr'><em>λ</em></span> 
     </span>
     <span class='ocr_line' id='line_1_39' title="bbox 139 3593 1215 3661; baseline -0.001 -11"><span class='ocrx_word' id='word_1_244' title='bbox 139 3599 188 3650; x_wconf 75' lang='lat' dir='ltr'>tta</span> <span class='ocrx_word' id='word_1_245' title='bbox 207 3596 353 3653; x_wconf 74' lang='lat' dir='ltr'>sicilidase</span> <span class='ocrx_word' id='word_1_246' title='bbox 412 3593 532 3649; x_wconf 76' lang='lat' dir='ltr'>ctanest</span> <span class='ocrx_word' id='word_1_247' title='bbox 587 3599 636 3648; x_wconf 84' lang='grc'>415</span> <span class='ocrx_word' id='word_1_248' title='bbox 656 3612 734 3649; x_wconf 85' lang='lat' dir='ltr'>neca</span> <span class='ocrx_word' id='word_1_249' title='bbox 785 3595 1043 3661; x_wconf 72' lang='lat' dir='ltr'>invil¹lteter.cjhl</span> <span class='ocrx_word' id='word_1_250' title='bbox 1103 3600 1152 3650; x_wconf 82' lang='lat' dir='ltr'>tta</span> <span class='ocrx_word' id='word_1_251' title='bbox 1172 3612 1215 3649; x_wconf 87' lang='lat' dir='ltr'>ex-</span> 
     </span>
     <span class='ocr_line' id='line_1_40' title="bbox 137 3663 1214 3744; baseline -0.002 -26"><span class='ocrx_word' id='word_1_252' title='bbox 137 3664 272 3732; x_wconf 74' lang='lat' dir='ltr'>orllatabl</span> <span class='ocrx_word' id='word_1_253' title='bbox 324 3667 372 3718; x_wconf 82' lang='grc'>421</span> <span class='ocrx_word' id='word_1_254' title='bbox 392 3665 562 3744; x_wconf 83' lang='lat' dir='ltr'>terribilisque</span> <span class='ocrx_word' id='word_1_255' title='bbox 578 3663 604 3716; x_wconf 86' lang='grc' dir='ltr'><strong>Μ</strong></span> <span class='ocrx_word' id='word_1_256' title='bbox 656 3665 807 3719; x_wconf 84' lang='lat' dir='ltr'>hortaturG</span> <span class='ocrx_word' id='word_1_257' title='bbox 859 3670 962 3717; x_wconf 78' lang='lat' dir='ltr'>rectos</span> <span class='ocrx_word' id='word_1_258' title='bbox 1023 3668 1073 3718; x_wconf 78' lang='lat' dir='ltr'>tat</span> <span class='ocrx_word' id='word_1_259' title='bbox 1092 3665 1214 3719; x_wconf 87' lang='lat' dir='ltr'>mediocri</span> 
     </span>
     <span class='ocr_line' id='line_1_41' title="bbox 138 3732 1215 3868; baseline 0 -15"><span class='ocrx_word' id='word_1_260' title='bbox 138 3801 184 3865; x_wconf 89' lang='lat' dir='ltr'>(cri</span> <span class='ocrx_word' id='word_1_261' title='bbox 202 3804 220 3852; x_wconf 76' lang='grc' dir='ltr'>ι’.</span> <span class='ocrx_word' id='word_1_262' title='bbox 237 3804 271 3863; x_wconf 84' lang='lat' dir='ltr'>r.)</span> <span class='ocrx_word' id='word_1_263' title='bbox 289 3799 401 3852; x_wconf 87' lang='lat' dir='ltr'>cratebl</span> <span class='ocrx_word' id='word_1_264' title='bbox 454 3732 621 3852; x_wconf 47' lang='lat' dir='ltr'>mlsqqqqe</span> <span class='ocrx_word' id='word_1_265' title='bbox 673 3801 863 3854; x_wconf 78' lang='lat' dir='ltr'>inconsonabile</span> <span class='ocrx_word' id='word_1_266' title='bbox 881 3799 906 3852; x_wconf 94' lang='grc' dir='ltr'><strong>Μ</strong></span> <span class='ocrx_word' id='word_1_267' title='bbox 961 3804 1012 3855; x_wconf 81' lang='lat' dir='ltr'>tat</span> <span class='ocrx_word' id='word_1_268' title='bbox 1031 3806 1215 3868; x_wconf 83' lang='lat' dir='ltr'>tergumquea</span> 
     </span>
     <span class='ocr_line' id='line_1_42' title="bbox 138 3866 1167 3937; baseline 0 -15"><span class='ocrx_word' id='word_1_269' title='bbox 138 3872 187 3922; x_wconf 79' lang='lat' dir='ltr'>tta</span> <span class='ocrx_word' id='word_1_270' title='bbox 207 3869 320 3921; x_wconf 86' lang='lat' dir='ltr'>bahennt</span> <span class='ocrx_word' id='word_1_271' title='bbox 337 3867 363 3919; x_wconf 93' lang='grc' dir='ltr'><strong>Μ</strong></span> <span class='ocrx_word' id='word_1_272' title='bbox 415 3871 463 3920; x_wconf 76' lang='lat' dir='ltr'>tat</span> <span class='ocrx_word' id='word_1_273' title='bbox 482 3867 671 3934; x_wconf 82' lang='lat' dir='ltr'>deprenderel</span> <span class='ocrx_word' id='word_1_274' title='bbox 722 3866 847 3936; x_wconf 83' lang='lat' dir='ltr'>possesl</span> <span class='ocrx_word' id='word_1_275' title='bbox 899 3871 984 3937; x_wconf 89' lang='lat' dir='ltr'>possis</span> <span class='ocrx_word' id='word_1_276' title='bbox 1002 3867 1028 3919; x_wconf 95' lang='grc' dir='ltr'><strong>Μ</strong></span> <span class='ocrx_word' id='word_1_277' title='bbox 1045 3870 1078 3932; x_wconf 89' lang='lat' dir='ltr'>(is</span> <span class='ocrx_word' id='word_1_278' title='bbox 1096 3874 1114 3924; x_wconf 79' lang='grc' dir='ltr'>ι’.</span> <span class='ocrx_word' id='word_1_279' title='bbox 1131 3877 1167 3935; x_wconf 75' lang='grc' dir='ltr'>ν.)</span> 
     </span>
    </p>
   </div>
   <div class='ocr_carea' id='block_1_5' title="bbox 0 0 1350 4230">
    <p class='ocr_par' dir='ltr' id='par_1_8' title="bbox 0 0 1350 4230">
     <span class='ocr_line' id='line_1_43' title="bbox 0 0 1350 4230; baseline 0 4"><span class='ocrx_word' id='word_1_280' title='bbox 0 0 1350 4230; x_wconf 95' lang='lat' dir='ltr'> </span> 
     </span>
    </p>
   </div>
  </div>
 </body>
</html>
