2692 4230
141 133 258 173 nmmum
581 119 623 186 lli,
640 121 767 174 81-159.

141 290 278 354 dicimus.
323 290 426 355 exaudi
451 306 577 350 necros
598 287 741 388 intercipe
764 298 888 352 nostras

140 375 166 438 si
188 385 219 439 te
241 376 321 439 nulla
343 374 402 438 mei
425 372 516 434 morit
538 374 712 450 reverentia,
733 383 762 438 at
784 375 871 438 orbes

141 460 319 523 concubitus
340 457 445 520 vetitos
467 463 604 536 potemnt
624 459 758 522 inhibere
779 460 904 558 paterni·
1171 472 1213 524 tta

139 546 218 608 haud
241 555 338 607 tamen
362 540 496 620 effugies,
518 545 650 624 quamvis
671 563 728 626 ope
749 547 814 608 lidia
835 545 957 627 equina.
1047 576 1049 580 ·

140 631 274 702 vulnere,
297 644 358 688 non
383 625 509 707 pedihus
531 638 561 691 te
583 621 765 710 consequar’
790 630 891 693 ultima
912 631 988 693 dicta

138 713 298 813 reprobat
320 720 351 772 et
371 711 460 774 missa
481 712 624 793 fugientia
645 722 726 791 terga
748 713 852 791 sagitta

140 799 252 862 traicitz
276 795 407 859 exstabat
428 797 540 860 ferrum
562 799 599 860 de
620 807 741 878 pectore
762 797 919 858 aduncum.

139 882 218 965 quod
241 880 329 942 simul
353 882 486 945 evulsum
509 892 563 957 est,
586 881 706 959 sanguis
728 899 782 961 per
803 889 962 962 utrumque
984 883 1115 946 foramen
1171 895 1213 946 tan

139 965 269 1040 emicuit,
291 966 403 1031 mixtus
426 969 551 1029 Lernaei
574 965 640 1027 tabe
662 966 778 1027 veneni.

140 1050 248 1132 excipit
270 1052 352 1115 hunc
374 1053 503 1114 Nessus:
523 1043 635 1132 ‘neque
657 1051 735 1112 enim
758 1050 919 1113 moriemur
940 1046 1034 1112 ionlti'

139 1153 240 1197 secum
262 1137 313 1212 ait,
337 1146 365 1199 et
387 1136 482 1199 calido
504 1134 648 1198 uelamina
669 1135 759 1198 tincta
781 1153 886 1198 cruore

138 1220 186 1282 dat
209 1240 319 1285 munus
341 1231 443 1302 raptae
464 1220 544 1282 velut
566 1219 722 1283 inritamen
747 1220 864 1282 amoris.

223 1306 326 1386 Longa
348 1306 405 1367 init
426 1305 516 1367 medii
536 1323 621 1368 mora
643 1307 796 1387 temporis,
816 1315 939 1386 actaque
964 1309 1064 1386 magni
1168 1317 1212 1368 tta

137 1389 274 1454 llerculis
296 1390 446 1470 inplerant
469 1400 562 1452 terrac
584 1390 742 1471 odiumque
763 1407 914 1452 novercae.

135 1476 229 1538 uictor
250 1476 286 1537 ah
311 1473 450 1536 Oechalia
474 1473 589 1537 Cenaeo
612 1493 695 1538 sacra
717 1473 837 1556 parahat

136 1569 202 1622 uota
224 1559 296 1634 lovi,
318 1578 387 1621 cum
410 1559 487 1622 lama
508 1560 616 1641 loquax
638 1561 797 1641 praecessit
819 1561 854 1622 ad
880 1578 976 1634 aures,

137 1643 284 1718 Deianira,
307 1653 382 1719 tuas,
406 1662 481 1725 quae
502 1646 579 1707 reris
600 1645 707 1707 addere
728 1645 798 1707 lalsa

136 1728 244 1808 gaudet
267 1738 296 1790 et
319 1748 336 1791 e
357 1729 481 1791 minimo
504 1748 556 1793 sua
578 1748 633 1810 per
654 1730 804 1792 mendacia
826 1729 959 1803 crescit,
1167 1741 1210 1792 ltu

135 1813 420 1894 Amphitryoniaden
443 1813 520 1875 lolce
541 1815 646 1876 ardore
669 1815 773 1878 teneri.

136 1898 229 1959 credit
251 1917 354 1961 amaus
375 1899 552 1980 venerisque
574 1919 667 1963 novae
689 1899 843 1982 perterrita
868 1898 944 1960 lama
1011 1953 1016 1961 .

135 1983 259 2045 indulsit
280 1983 377 2064 primo
400 1982 529 2047 lacrimis
550 1985 709 2066 flendoque
729 1985 862 2048 dolorem

135 2067 251 2129 dilludit
274 2068 441 2130 miseranda
463 2087 560 2130 auum
604 2088 672 2131 mor
694 2070 799 2131 deinde
817 2060 901 2149 ‘quid
926 2077 1024 2129 autem

134 2145 277 2213 flemusl’
302 2154 344 2214 ait
362 2145 461 2233 ‘pelex
484 2153 612 2216 lacrimis
634 2154 788 2217 laetabitur
809 2152 882 2215 istis.
1166 2164 1208 2216 115

134 2255 209 2317 quae
225 2237 366 2316 quoniam
382 2238 527 2313 adveniet,
548 2240 767 2321 properandum
789 2237 956 2319 aliquidque
972 2237 1139 2300 novandum
1153 2249 1207 2314 est,

137 2322 206 2382 dum
229 2322 298 2384 lieet
320 2332 350 2384 et
372 2323 505 2384 nondum
527 2323 671 2385 thalamos
692 2333 773 2386 tenet
793 2322 882 2385 altera
905 2331 1032 2383 nostros.

134 2424 300 2486 conquerar
322 2426 358 2469 an
382 2405 509 2469 sileam?
530 2419 662 2489 repetam
685 2407 830 2489 Calydona
852 2403 1010 2469 morernel

134 2491 272 2554 excedam
294 2493 381 2554 tectis
402 2511 452 2567 au,
473 2493 499 2555 si
522 2492 596 2555 nihil
618 2494 754 2575 amplius,
776 2489 912 2554 obstem?

133 2576 204 2655 quid
227 2578 251 2637 si
274 2595 337 2647 me,
357 2576 513 2657 Meleagro,
537 2587 617 2640 tuam
639 2596 754 2641 memor
774 2596 838 2639 esse
860 2594 990 2638 sororem
1164 2588 1207 2639 150

133 2662 209 2723 lorte
231 2680 303 2742 paro
327 2662 452 2736 lacinus,
475 2673 678 2743 quantumque
700 2663 805 2725 iniuria
826 2662 919 2742 possit

133 2746 338 2827 femineusque
360 2746 457 2822 dolor,
478 2747 608 2827 iugulata
632 2747 725 2829 pelice
747 2742 875 2810 testorl'

133 2831 164 2892 in
187 2849 293 2893 cursus
314 2831 432 2893 animus
452 2833 550 2894 uarios
571 2831 647 2895 abit:
671 2832 809 2895 omnihus
831 2831 889 2893 illis

132 2915 269 2996 praetulit
293 2916 425 2978 inbutam
447 2917 558 2979 Nesseo
580 2919 725 2997 sauguine
749 2927 857 2978 vestem

131 3005 258 3076 mittere,
281 3020 355 3082 quae
377 3002 454 3064 vires
476 3003 590 3065 delecto
612 3003 713 3065 reddat
734 3001 836 3064 amori.

133 3090 294 3168 ignaroque
317 3087 436 3160 Lichae,
460 3087 530 3168 quid
553 3089 647 3150 tradat
670 3088 777 3161 nescia,
799 3087 895 3148 luctus

132 3175 195 3255 ipsa
218 3193 288 3234 snos
310 3172 399 3233 tradit
420 3171 595 3252 blandisque
617 3172 805 3248 (miserrima)
826 3169 932 3240 uerbis,

132 3260 209 3320 dona
232 3259 282 3319 det
304 3257 353 3318 illa
375 3256 448 3330 viro,
470 3258 599 3319 mandat.
643 3258 721 3338 capit
742 3257 853 3319 inscius
872 3257 959 3316 heros

133 3344 325 3422 induiturque
348 3343 458 3403 umeris
481 3341 630 3404 lernaeae
651 3342 730 3404 rirus
752 3341 901 3403 echidnae.

201 3513 250 3564 tlt
268 3526 348 3562 rerer
368 3509 482 3565 mouit:
535 3515 560 3561 at
579 3507 655 3560 orbes
673 3512 692 3560 ι’.
704 3507 767 3560 ν.Μ
822 3509 868 3560 tta
889 3455 1042 3573 poterhnthl
1099 3508 1204 3560 iteres

131 3667 149 3716 (ἓ
204 3594 430 3782 lmtqqqqqqq’a
497 3664 544 3713 110
564 3677 608 3728 per
626 3660 687 3712 add
704 3657 738 3711 λ’
797 3655 1012 3713 111ι1ι11ιιιιὼιλ
1063 3657 1203 3710 miseranda

131 3751 166 3784 er
189 3747 269 3784 maran
288 3747 302 3781 a
321 3729 346 3781 tt
421 3732 468 3782 116
487 3744 552 3797 quae
564 3677 707 3796 quaudoi
779 3732 825 3781 150
849 3727 952 3795 quoda
1021 3742 1061 3778 me
1085 3724 1204 3778 uddhl

130 3877 240 3920 memore
258 3871 407 3922 esscslr
469 3795 664 3932 lillpligggiitthl
720 3866 790 3919 tta
784 3881 867 3917 ιιιιιιι
863 3880 941 3915 us-
908 3862 1075 3915 -hahetD.
1084 3863 1204 3914 Heinsius

953 3948 1005 3980 m
