2692 4230
149 157 250 198 sorum.
280 161 352 200 unce
473 145 537 213 xm,
554 148 700 200 est-ece.
733 146 800 214 xiv,
819 151 909 203 1-48.
1163 149 1223 212 307

150 336 223 381 nere
243 319 302 381 mei
326 336 388 380 non
412 325 482 378 nota
505 315 557 377 tihi
581 315 620 380 sit
640 336 728 381 causa
750 319 876 382 luroris:

149 404 235 467 litore
256 405 288 466 in
310 402 426 475 Italico,
447 400 593 464 Messenia
616 405 733 467 moenia
755 415 870 479 contra,

148 488 245 570 Scylla
267 488 341 551 mihi
362 485 423 547 visa
446 493 499 549 est.
545 489 644 569 pudor
665 499 712 552 est
733 492 877 572 promissa
899 506 1060 571 precesque

148 572 364 651 blanditiasque
386 588 468 633 meas
489 581 719 655 contemptaque
740 575 828 638 rerba
850 575 969 639 reterre.

147 671 177 720 at
197 667 240 733 tu,
263 658 323 719 sive
344 653 456 737 aliquid
478 659 565 738 regni
588 667 633 720 est
654 659 686 720 in
708 661 849 737 carmine,
872 677 989 722 carmen

147 761 199 805 ore
220 759 307 804 move
328 758 423 816 sacro,
446 743 507 804 siue
528 744 730 823 expugnatior
751 744 843 806 herba
865 754 919 820 est,

146 838 230 889 utere
250 825 400 905 temptatis
422 846 567 909 operosae
586 827 699 888 viribus
720 828 838 888 herbae.

147 929 202 973 nec
223 910 358 973 medeare
380 912 452 974 mihi
474 929 622 990 sanesque
643 912 715 972 haec
736 910 857 973 vulnera
879 914 996 988 mando,

146 997 264 1074 fineque
287 995 329 1057 nil
352 1015 429 1078 opus
451 1003 511 1056 est:
535 1006 649 1075 partem
671 997 745 1057 ierat
766 994 815 1056 illa
837 992 960 1057 caloris.³

144 1087 174 1141 at
195 1077 279 1142 Circe
301 1083 412 1162 (neque
433 1079 514 1141 enim
537 1079 664 1141 flammis
685 1080 773 1142 hahet
794 1081 892 1162 aptius
913 1080 972 1143 ulla

136 1163 251 1239 ,talibus
272 1167 437 1246 ingenium,
460 1182 513 1226 seu
536 1183 624 1227 causa
646 1177 692 1227 est
713 1165 803 1228 huius
824 1166 855 1228 in
877 1167 951 1247 ipsa,

144 1267 196 1313 seu
218 1249 318 1312 Venus
340 1250 450 1312 indicio
472 1250 544 1312 lacit
564 1252 622 1313 hoo
644 1252 756 1313 offensa
777 1253 915 1333 paterno)

142 1335 210 1397 talia
231 1335 319 1397 verba
342 1335 449 1398 refert:
470 1327 591 1396 ‘melius
612 1355 771 1416 sequerere
793 1337 939 1398 volentem

143 1431 357 1502 optantemque
378 1421 479 1482 eadem
502 1419 650 1499 parilique
673 1421 812 1500 cupidine
833 1429 957 1502 captam.

142 1506 250 1586 dignus
272 1524 337 1567 eras
359 1504 438 1565 ultro
461 1504 592 1583 (poteras
614 1509 766 1586 certeque)
787 1506 885 1585 rogari

142 1601 180 1662 et,
203 1591 228 1652 si
250 1608 335 1670 spem
357 1587 483 1662 dederis,
505 1588 579 1650 mihi
601 1590 700 1662 crede,
721 1590 874 1670 rogaberis
894 1590 982 1652 ultro.

143 1695 201 1737 neu
223 1673 342 1735 dubites
363 1673 501 1754 absitque
522 1683 591 1736 tuae
613 1676 719 1737 dducia
742 1677 870 1738 formae:

143 1779 179 1820 en
203 1777 268 1837 ego,
291 1776 360 1819 cum
382 1758 436 1820 dea
458 1759 526 1834 sim,
549 1759 633 1822 nitidi
657 1778 723 1822 cum
747 1760 806 1823 dlia
828 1761 915 1836 Solis,

141 1844 271 1906 carmine
293 1862 361 1905 cum
384 1852 510 1917 tantum,
532 1852 649 1906 tantum
671 1864 791 1927 quoque
811 1847 945 1926 gramine
966 1845 1087 1927 possim,

140 1941 174 1990 ut
194 1938 244 1991 toa
266 1928 333 2001 sim,
355 1946 457 1990 voveo.
501 1938 693 2009 spernentem
715 1949 833 2013 sperne,
856 1932 990 2012 sequenti

139 2014 229 2076 redde
250 2014 331 2075 vices
351 2032 474 2094 unoque
495 2014 571 2076 duas
592 2014 737 2076 ulciscere
759 2007 854 2077 iacto?

140 2097 208 2160 talia
231 2098 387 2202 temptanti
407 2091 521 2179 ‘prius’
547 2100 646 2178 iuquit
663 2093 708 2160 ‘in
731 2118 860 2181 aequore
883 2093 1017 2160 frondes'

139 2183 267 2245 Glaucus
300 2192 329 2244 et
351 2184 382 2245 in
404 2183 529 2244 summis
551 2194 710 2246 nascentur
733 2185 883 2246 montibus
904 2184 995 2264 algae,

138 2270 248 2350 sospite
270 2287 359 2348 quam
384 2268 481 2348 Scylla
504 2270 599 2330 nostri
622 2278 775 2331 mutentur
796 2265 929 2332 amores?

138 2355 288 2433 indignata
311 2355 365 2414 dea
388 2363 442 2414 est.
487 2363 517 2414 et
538 2353 655 2415 laedere
676 2365 823 2434 quatenus
845 2357 942 2435 ipsum

138 2457 198 2499 non
222 2449 347 2520 poterat,
370 2442 439 2509 (nec
460 2437 549 2499 vellet
569 2442 684 2515 amans)
706 2441 842 2500 irascitur
863 2440 916 2514 illi,

137 2522 290 2605 quaesibi
313 2521 441 2603 praelata
464 2532 524 2597 est;
548 2522 731 2604 Venerisque
753 2525 864 2586 offensa
888 2522 1016 2606 repulsa,

138 2609 273 2689 protinus
295 2607 453 2668 horrendis
475 2608 595 2669 iuIamia
617 2607 725 2689 pabula
748 2610 827 2670 sucis

136 2695 263 2755 conterit
287 2701 314 2754 et
338 2693 415 2753 tritis
437 2691 575 2753 Hecateia
598 2694 728 2754 carmina
752 2696 865 2754 miscet.

136 2778 311 2858 caerulaque
333 2777 467 2838 induitur
488 2777 632 2838 velamina
656 2796 769 2858 perque
792 2779 918 2840 ferarum

134 2883 239 2943 agmen
261 2861 433 2924 adulantum
456 2863 551 2924 media
575 2863 708 2943 procedit
730 2864 766 2924 ab
788 2864 854 2924 aula

134 2950 365 3029 oppositumque
388 2958 496 3027 petens
517 2958 620 3009 contra
644 2947 777 3009 Zancleia
800 2968 866 3010 saxa

134 3033 279 3112 Rhegion,
303 3031 469 3110 ingreditur
491 3033 639 3094 terrentes
659 3032 790 3094 aestibus
812 3034 914 3095 undas.

204 3220 232 3268 li
256 3231 296 3267 roe
315 3215 422 3266 seoiah
491 3215 641 3282 mysenisa
710 3213 837 3266 rctom
907 3217 938 3267 Μ
962 3221 1006 3267 aut
1027 3213 1208 3282 tu-aIIquod

133 3285 157 3336 Μ
220 3299 361 3350 regnumr
429 3286 461 3334 21
481 3298 526 3335 ore
548 3289 594 3334 tuo
618 3284 863 3349 s.—erpognatior
879 3281 904 3333 Μ
974 3285 1023 3336 hoc
1043 3283 1209 3349 pugnatiora

132 3352 305 3420 pugnaciorh
376 3353 408 3402 tt
428 3350 459 3400 lit
478 3365 561 3416 neque
580 3349 615 3400 nil
634 3349 659 3400 Μ
713 3350 761 3401 hoc
780 3352 840 3401 mihi
859 3351 930 3401 oilh
1000 3354 1032 3404 25
1052 3350 1208 3402 dammas—

132 3421 209 3472 altius
233 3419 258 3471 Μ
328 3422 360 3470 nt
386 3418 441 3470 sive
464 3418 533 3486 quod
558 3417 873 3485 Indicium—paternali
943 3422 976 3471 28
1000 3419 1062 3481 rot]
1078 3418 1207 3471 videntem

132 3489 155 3539 Μ
216 3491 248 3540 30
267 3495 336 3539 certe
355 3490 541 3554 poterasquea
602 3489 631 3538 ³1
654 3493 680 3538 et
697 3485 852 3555 speeiembl
915 3490 947 3539 tt
966 3503 996 3539 eo
1015 3486 1076 3539 dub.
1094 3488 1206 3554 assitque

132 3623 155 3673 Μ
209 3639 255 3674 nec
273 3622 298 3675 d.
317 3622 467 3690 ossitqueh
527 3624 561 3674 tt
579 3585 652 3673 tenid
670 3623 878 3690 quantumqueh
930 3627 1054 3689 quantum
1071 3638 1206 3690 quoquea

130 3756 283 3810 csrroinehi
348 3721 482 3825 posseleme
552 3756 843 3821 bhdoostoeoeo)h
914 3761 947 3810 ³8
965 3763 991 3810 et
1011 3757 1104 3810 onchl
1173 3762 1204 3812 ⁴3

130 3841 245 3946 gpqrpqnq
260 3827 375 3879 succisa
433 3830 466 3878 tt
485 3826 597 3877 carmine
616 3827 655 3876 ed.
671 3829 759 3891 princ.
812 3825 965 3890 graminosi
1024 3829 1057 3879 ts
1075 3826 1159 3879 recion
1178 3825 1203 3877 Μ

966 3976 1026 4018 ΜΨ
