<?xml version="1.0" encoding="UTF-8"?>
<!DOCTYPE html PUBLIC "-//W3C//DTD XHTML 1.0 Transitional//EN"
    "http://www.w3.org/TR/xhtml1/DTD/xhtml1-transitional.dtd">
<html xmlns="http://www.w3.org/1999/xhtml" xml:lang="en" lang="en">
 <head>
  <title>
</title>
<meta http-equiv="Content-Type" content="text/html;charset=utf-8" />
  <meta name='ocr-system' content='tesseract 3.04.00' />
  <meta name='ocr-capabilities' content='ocr_page ocr_carea ocr_par ocr_line ocrx_word'/>
</head>
<body>
  <div class='ocr_page' id='page_1' title='image "./povidinasonisme00korngoog_0014.png"; bbox 0 0 2692 4230; ppageno 0'>
   <div class='ocr_carea' id='block_1_1' title="bbox 587 137 1211 196">
    <p class='ocr_par' dir='ltr' id='par_1_1' title="bbox 587 137 1211 196">
     <span class='ocr_line' id='line_1_1' title="bbox 587 137 1211 196; baseline 0.008 -6"><span class='ocrx_word' id='word_1_1' title='bbox 587 137 767 191; x_wconf 63' lang='lat' dir='ltr'>reauferre</span> <span class='ocrx_word' id='word_1_2' title='bbox 1188 158 1211 196; x_wconf 83' lang='lat'>11</span> 
     </span>
    </p>
   </div>
   <div class='ocr_carea' id='block_1_2' title="bbox 38 311 1239 3874">
    <p class='ocr_par' dir='ltr' id='par_1_2' title="bbox 38 311 1238 3874">
     <span class='ocr_line' id='line_1_2' title="bbox 143 311 1212 391; baseline -0.003 -12"><span class='ocrx_word' id='word_1_3' title='bbox 143 315 203 379; x_wconf 90' lang='lat' dir='ltr'>situ</span> <span class='ocrx_word' id='word_1_4' title='bbox 224 324 295 378; x_wconf 89' lang='lat' dir='ltr'>sunt</span> <span class='ocrx_word' id='word_1_5' title='bbox 316 312 423 375; x_wconf 89' lang='lat' dir='ltr'>detrita</span> <span class='ocrx_word' id='word_1_6' title='bbox 444 319 533 391; x_wconf 89' lang='lat' dir='ltr'>atque</span> <span class='ocrx_word' id='word_1_7' title='bbox 554 330 571 373; x_wconf 89' lang='lat' dir='ltr'>a</span> <span class='ocrx_word' id='word_1_8' title='bbox 593 311 809 373; x_wconf 88' lang='lat' dir='ltr'>recentioribus</span> <span class='ocrx_word' id='word_1_9' title='bbox 831 329 893 371; x_wconf 91' lang='lat' dir='ltr'>non</span> <span class='ocrx_word' id='word_1_10' title='bbox 916 327 981 370; x_wconf 90' lang='lat' dir='ltr'>raro</span> <span class='ocrx_word' id='word_1_11' title='bbox 1004 327 1109 390; x_wconf 89' lang='lat' dir='ltr'>parum</span> <span class='ocrx_word' id='word_1_12' title='bbox 1132 326 1212 376; x_wconf 86' lang='lat' dir='ltr'>reete</span> 
     </span>
     <span class='ocr_line' id='line_1_3' title="bbox 143 395 1212 478; baseline -0.003 -16"><span class='ocrx_word' id='word_1_13' title='bbox 143 401 289 473; x_wconf 91' lang='lat' dir='ltr'>restituta,</span> <span class='ocrx_word' id='word_1_14' title='bbox 311 399 435 458; x_wconf 80' lang='lat' dir='ltr'>itanon</span> <span class='ocrx_word' id='word_1_15' title='bbox 458 397 553 458; x_wconf 89' lang='lat' dir='ltr'>solum</span> <span class='ocrx_word' id='word_1_16' title='bbox 576 398 626 478; x_wconf 93' lang='lat' dir='ltr'>qui</span> <span class='ocrx_word' id='word_1_17' title='bbox 643 397 775 459; x_wconf 83' lang='lat' dir='ltr'>codicem</span> <span class='ocrx_word' id='word_1_18' title='bbox 790 395 907 476; x_wconf 83' lang='lat' dir='ltr'><strong>scripsit</strong></span> <span class='ocrx_word' id='word_1_19' title='bbox 922 395 1013 456; x_wconf 89' lang='lat' dir='ltr'>multa</span> <span class='ocrx_word' id='word_1_20' title='bbox 1028 395 1212 460; x_wconf 90' lang='lat' dir='ltr'>interlineas</span> 
     </span>
     <span class='ocr_line' id='line_1_4' title="bbox 142 480 1211 560; baseline -0.003 -12"><span class='ocrx_word' id='word_1_21' title='bbox 142 483 288 554; x_wconf 82' lang='lat' dir='ltr'>correxit,</span> <span class='ocrx_word' id='word_1_22' title='bbox 310 481 340 542; x_wconf 94' lang='lat' dir='ltr'>in</span> <span class='ocrx_word' id='word_1_23' title='bbox 363 481 499 560; x_wconf 81' lang='lat' dir='ltr'>margine</span> <span class='ocrx_word' id='word_1_24' title='bbox 518 482 643 557; x_wconf 82' lang='lat' dir='ltr'>addidit,</span> <span class='ocrx_word' id='word_1_25' title='bbox 665 482 775 544; x_wconf 93' lang='lat' dir='ltr'>notulis</span> <span class='ocrx_word' id='word_1_26' title='bbox 798 480 979 554; x_wconf 79' lang='lat' dir='ltr'>inlustravit,</span> <span class='ocrx_word' id='word_1_27' title='bbox 1001 498 1103 543; x_wconf 85' lang='lat' dir='ltr'>versus</span> <span class='ocrx_word' id='word_1_28' title='bbox 1124 483 1211 545; x_wconf 85' lang='lat' dir='ltr'>onds-</span> 
     </span>
     <span class='ocr_line' id='line_1_5' title="bbox 142 565 1211 647; baseline -0.002 -16"><span class='ocrx_word' id='word_1_29' title='bbox 142 589 192 632; x_wconf 89' lang='lat' dir='ltr'>sos</span> <span class='ocrx_word' id='word_1_30' title='bbox 219 565 391 647; x_wconf 78' lang='lat' dir='ltr'>adscripsit,</span> <span class='ocrx_word' id='word_1_31' title='bbox 419 569 470 629; x_wconf 94' lang='lat' dir='ltr'>sed</span> <span class='ocrx_word' id='word_1_32' title='bbox 498 568 586 630; x_wconf 89' lang='lat' dir='ltr'>etiam</span> <span class='ocrx_word' id='word_1_33' title='bbox 608 567 715 628; x_wconf 89' lang='lat' dir='ltr'>iudea</span> <span class='ocrx_word' id='word_1_34' title='bbox 741 566 836 645; x_wconf 91' lang='lat' dir='ltr'>primo</span> <span class='ocrx_word' id='word_1_35' title='bbox 859 575 993 645; x_wconf 90' lang='lat' dir='ltr'>tempore</span> <span class='ocrx_word' id='word_1_36' title='bbox 1014 575 1083 646; x_wconf 89' lang='lat' dir='ltr'>post</span> <span class='ocrx_word' id='word_1_37' title='bbox 1103 565 1211 629; x_wconf 89' lang='lat' dir='ltr'>librum</span> 
     </span>
     <span class='ocr_line' id='line_1_6' title="bbox 141 650 1210 729; baseline -0.002 -15"><span class='ocrx_word' id='word_1_38' title='bbox 141 653 314 714; x_wconf 85' lang='lat' dir='ltr'>conlectum</span> <span class='ocrx_word' id='word_1_39' title='bbox 328 659 372 713; x_wconf 93' lang='lat' dir='ltr'>tot</span> <span class='ocrx_word' id='word_1_40' title='bbox 391 651 421 712; x_wconf 92' lang='lat' dir='ltr'>in</span> <span class='ocrx_word' id='word_1_41' title='bbox 444 671 480 714; x_wconf 92' lang='lat' dir='ltr'>eo</span> <span class='ocrx_word' id='word_1_42' title='bbox 502 651 718 722; x_wconf 88' lang='lat' dir='ltr'>commutando,</span> <span class='ocrx_word' id='word_1_43' title='bbox 741 650 915 729; x_wconf 85' lang='lat' dir='ltr'>ressngendo</span> <span class='ocrx_word' id='word_1_44' title='bbox 937 650 1044 712; x_wconf 75' lang='lat' dir='ltr'>versati</span> <span class='ocrx_word' id='word_1_45' title='bbox 1065 660 1136 712; x_wconf 87' lang='lat' dir='ltr'>sunt</span> <span class='ocrx_word' id='word_1_46' title='bbox 1158 651 1210 712; x_wconf 81' lang='lat' dir='ltr'>lto-</span> 
     </span>
     <span class='ocr_line' id='line_1_7' title="bbox 141 734 1211 815; baseline 0.002 -20"><span class='ocrx_word' id='word_1_47' title='bbox 141 737 327 810; x_wconf 84' lang='lat' dir='ltr'>tnunciones,</span> <span class='ocrx_word' id='word_1_48' title='bbox 351 745 384 798; x_wconf 90' lang='lat' dir='ltr'>ut</span> <span class='ocrx_word' id='word_1_49' title='bbox 404 755 519 799; x_wconf 91' lang='lat' dir='ltr'>summa</span> <span class='ocrx_word' id='word_1_50' title='bbox 539 737 578 798; x_wconf 89' lang='lat' dir='ltr'>sit</span> <span class='ocrx_word' id='word_1_51' title='bbox 599 753 674 814; x_wconf 89' lang='lat' dir='ltr'>opus</span> <span class='ocrx_word' id='word_1_52' title='bbox 694 734 757 795; x_wconf 87' lang='lat' dir='ltr'>acie</span> <span class='ocrx_word' id='word_1_53' title='bbox 778 734 934 795; x_wconf 90' lang='lat' dir='ltr'>oculorum</span> <span class='ocrx_word' id='word_1_54' title='bbox 948 752 982 795; x_wconf 90' lang='lat' dir='ltr'>ac</span> <span class='ocrx_word' id='word_1_55' title='bbox 996 735 1156 815; x_wconf 82' lang='lat' dir='ltr'>diligentia,</span> <span class='ocrx_word' id='word_1_56' title='bbox 1180 747 1211 797; x_wconf 95' lang='lat' dir='ltr'>ut</span> 
     </span>
     <span class='ocr_line' id='line_1_8' title="bbox 140 819 1210 900; baseline 0 -19"><span class='ocrx_word' id='word_1_57' title='bbox 140 821 324 882; x_wconf 84' lang='lat' dir='ltr'>diversorum</span> <span class='ocrx_word' id='word_1_58' title='bbox 353 821 516 884; x_wconf 89' lang='lat' dir='ltr'>scribarum</span> <span class='ocrx_word' id='word_1_59' title='bbox 546 820 764 898; x_wconf 81' lang='lat' dir='ltr'>distinguantur</span> <span class='ocrx_word' id='word_1_60' title='bbox 790 819 994 880; x_wconf 90' lang='lat' dir='ltr'>additamenta.</span> <span class='ocrx_word' id='word_1_61' title='bbox 1038 819 1070 880; x_wconf 94' lang='lat' dir='ltr'>ld</span> <span class='ocrx_word' id='word_1_62' title='bbox 1093 820 1210 900; x_wconf 90' lang='lat' dir='ltr'>quidem</span> 
     </span>
     <span class='ocr_line' id='line_1_9' title="bbox 140 902 1210 983; baseline -0.001 -17"><span class='ocrx_word' id='word_1_63' title='bbox 140 914 267 982; x_wconf 89' lang='lat' dir='ltr'>constat,</span> <span class='ocrx_word' id='word_1_64' title='bbox 283 914 380 969; x_wconf 91' lang='lat' dir='ltr'>totum</span> <span class='ocrx_word' id='word_1_65' title='bbox 394 907 456 970; x_wconf 91' lang='lat' dir='ltr'>lere</span> <span class='ocrx_word' id='word_1_66' title='bbox 470 905 612 977; x_wconf 86' lang='lat' dir='ltr'>codicem,</span> <span class='ocrx_word' id='word_1_67' title='bbox 627 905 686 966; x_wconf 88' lang='lat' dir='ltr'>sire</span> <span class='ocrx_word' id='word_1_68' title='bbox 701 905 771 964; x_wconf 92' lang='lat' dir='ltr'>dum</span> <span class='ocrx_word' id='word_1_69' title='bbox 787 903 928 966; x_wconf 88' lang='lat' dir='ltr'>scribitur</span> <span class='ocrx_word' id='word_1_70' title='bbox 941 903 1001 964; x_wconf 89' lang='lat' dir='ltr'>sire</span> <span class='ocrx_word' id='word_1_71' title='bbox 1016 902 1067 965; x_wconf 88' lang='lat' dir='ltr'>ubi</span> <span class='ocrx_word' id='word_1_72' title='bbox 1083 905 1210 983; x_wconf 84' lang='lat' dir='ltr'>primuni</span> 
     </span>
     <span class='ocr_line' id='line_1_10' title="bbox 139 987 1210 1069; baseline -0.001 -18"><span class='ocrx_word' id='word_1_73' title='bbox 139 999 185 1052; x_wconf 91' lang='lat' dir='ltr'>est</span> <span class='ocrx_word' id='word_1_74' title='bbox 206 990 373 1068; x_wconf 90' lang='lat' dir='ltr'>absolutus,</span> <span class='ocrx_word' id='word_1_75' title='bbox 400 988 577 1054; x_wconf 88' lang='lat' dir='ltr'>correctoris</span> <span class='ocrx_word' id='word_1_76' title='bbox 602 999 755 1069; x_wconf 86' lang='lat' dir='ltr'>expertum</span> <span class='ocrx_word' id='word_1_77' title='bbox 778 1006 842 1050; x_wconf 88' lang='lat' dir='ltr'>esse</span> <span class='ocrx_word' id='word_1_78' title='bbox 864 1005 976 1050; x_wconf 91' lang='lat' dir='ltr'>curam.</span> <span class='ocrx_word' id='word_1_79' title='bbox 1020 987 1078 1059; x_wconf 85' lang='lat' dir='ltr'>Qui</span> <span class='ocrx_word' id='word_1_80' title='bbox 1100 989 1210 1050; x_wconf 90' lang='lat' dir='ltr'>littera-</span> 
     </span>
     <span class='ocr_line' id='line_1_11' title="bbox 139 1072 1209 1153; baseline 0 -18"><span class='ocrx_word' id='word_1_81' title='bbox 139 1094 207 1136; x_wconf 92' lang='lat' dir='ltr'>rum</span> <span class='ocrx_word' id='word_1_82' title='bbox 229 1076 320 1138; x_wconf 88' lang='lat' dir='ltr'>ductu</span> <span class='ocrx_word' id='word_1_83' title='bbox 342 1097 414 1140; x_wconf 91' lang='lat' dir='ltr'>usus</span> <span class='ocrx_word' id='word_1_84' title='bbox 432 1084 477 1136; x_wconf 92' lang='lat' dir='ltr'>est</span> <span class='ocrx_word' id='word_1_85' title='bbox 491 1074 647 1136; x_wconf 88' lang='lat' dir='ltr'>admodum</span> <span class='ocrx_word' id='word_1_86' title='bbox 662 1073 787 1136; x_wconf 83' lang='lat' dir='ltr'>simili</span> <span class='ocrx_word' id='word_1_87' title='bbox 762 1092 834 1146; x_wconf 83' lang='lat' dir='ltr'>eius,</span> <span class='ocrx_word' id='word_1_88' title='bbox 857 1092 908 1153; x_wconf 87' lang='lat' dir='ltr'>qur</span> <span class='ocrx_word' id='word_1_89' title='bbox 900 1072 1071 1135; x_wconf 88' lang='lat' dir='ltr'>scribendi</span> <span class='ocrx_word' id='word_1_90' title='bbox 1089 1092 1209 1152; x_wconf 87' lang='lat' dir='ltr'>operam</span> 
     </span>
     <span class='ocr_line' id='line_1_12' title="bbox 139 1157 1210 1242; baseline -0.001 -21"><span class='ocrx_word' id='word_1_91' title='bbox 139 1172 326 1242; x_wconf 85' lang='lat' dir='ltr'>susceperat,</span> <span class='ocrx_word' id='word_1_92' title='bbox 356 1179 454 1240; x_wconf 92' lang='lat' dir='ltr'>neque</span> <span class='ocrx_word' id='word_1_93' title='bbox 484 1159 541 1222; x_wconf 92' lang='lat' dir='ltr'>nisi</span> <span class='ocrx_word' id='word_1_94' title='bbox 562 1160 593 1221; x_wconf 94' lang='lat' dir='ltr'>iu</span> <span class='ocrx_word' id='word_1_95' title='bbox 616 1159 719 1221; x_wconf 88' lang='lat' dir='ltr'>litteris</span> <span class='ocrx_word' id='word_1_96' title='bbox 742 1168 752 1217; x_wconf 92' lang='lat' dir='ltr'>t</span> <span class='ocrx_word' id='word_1_97' title='bbox 775 1168 805 1218; x_wconf 90' lang='lat' dir='ltr'>et</span> <span class='ocrx_word' id='word_1_98' title='bbox 826 1177 845 1237; x_wconf 89' lang='lat' dir='ltr'>g</span> <span class='ocrx_word' id='word_1_99' title='bbox 867 1157 1050 1219; x_wconf 88' lang='lat' dir='ltr'>delineandis</span> <span class='ocrx_word' id='word_1_100' title='bbox 1078 1159 1210 1221; x_wconf 87' lang='lat' dir='ltr'>cernitur</span> 
     </span>
     <span class='ocr_line' id='line_1_13' title="bbox 138 1241 1208 1325; baseline -0.008 -20"><span class='ocrx_word' id='word_1_101' title='bbox 138 1245 305 1323; x_wconf 86' lang='lat' dir='ltr'>diversitas;</span> <span class='ocrx_word' id='word_1_102' title='bbox 345 1244 506 1325; x_wconf 84' lang='lat' dir='ltr'>significavi</span> <span class='ocrx_word' id='word_1_103' title='bbox 545 1241 799 1307; x_wconf 67' lang='lat' dir='ltr'>b1”.llccedunt</span> <span class='ocrx_word' id='word_1_104' title='bbox 837 1242 981 1322; x_wconf 84' lang='lat' dir='ltr'>plurimae</span> <span class='ocrx_word' id='word_1_105' title='bbox 1019 1244 1208 1316; x_wconf 80' lang='lat' dir='ltr'>mutationes,</span> 
     </span>
     <span class='ocr_line' id='line_1_14' title="bbox 137 1327 1210 1411; baseline 0 -21"><span class='ocrx_word' id='word_1_106' title='bbox 137 1331 234 1393; x_wconf 71' lang='lat' dir='ltr'>uariae</span> <span class='ocrx_word' id='word_1_107' title='bbox 261 1331 420 1405; x_wconf 90' lang='lat' dir='ltr'>lectiones,</span> <span class='ocrx_word' id='word_1_108' title='bbox 449 1330 670 1411; x_wconf 92' lang='lat' dir='ltr'>conplementa,</span> <span class='ocrx_word' id='word_1_109' title='bbox 698 1328 810 1390; x_wconf 92' lang='lat' dir='ltr'>scholia</span> <span class='ocrx_word' id='word_1_110' title='bbox 837 1327 954 1404; x_wconf 83' lang='lat' dir='ltr'>saeculo</span> <span class='ocrx_word' id='word_1_111' title='bbox 976 1327 1029 1388; x_wconf 82' lang='grc' dir='ltr'>ΧΗ</span> <span class='ocrx_word' id='word_1_112' title='bbox 1052 1346 1068 1387; x_wconf 94' lang='lat' dir='ltr'>a</span> <span class='ocrx_word' id='word_1_113' title='bbox 1089 1329 1210 1391; x_wconf 87' lang='lat' dir='ltr'>dirersis</span> 
     </span>
     <span class='ocr_line' id='line_1_15' title="bbox 138 1411 1209 1495; baseline -0.002 -19"><span class='ocrx_word' id='word_1_114' title='bbox 138 1415 310 1478; x_wconf 91' lang='lat' dir='ltr'>auctoribus</span> <span class='ocrx_word' id='word_1_115' title='bbox 324 1415 469 1489; x_wconf 88' lang='lat' dir='ltr'>conlecta,</span> <span class='ocrx_word' id='word_1_116' title='bbox 493 1433 568 1495; x_wconf 90' lang='lat' dir='ltr'>quae</span> <span class='ocrx_word' id='word_1_117' title='bbox 585 1414 631 1476; x_wconf 83' lang='lat' dir='ltr'>ll²</span> <span class='ocrx_word' id='word_1_118' title='bbox 644 1415 742 1475; x_wconf 85' lang='lat' dir='ltr'>dicere</span> <span class='ocrx_word' id='word_1_119' title='bbox 764 1412 874 1492; x_wconf 86' lang='lat' dir='ltr'>placuit</span> <span class='ocrx_word' id='word_1_120' title='bbox 896 1413 946 1487; x_wconf 83' lang='lat' dir='ltr'>(cl.</span> <span class='ocrx_word' id='word_1_121' title='bbox 961 1411 988 1472; x_wconf 85' lang='lat' dir='ltr'>X</span> <span class='ocrx_word' id='word_1_122' title='bbox 1006 1414 1065 1475; x_wconf 81' lang='lat'>172</span> <span class='ocrx_word' id='word_1_123' title='bbox 1076 1432 1120 1491; x_wconf 90' lang='lat' dir='ltr'>sq.</span> <span class='ocrx_word' id='word_1_124' title='bbox 1144 1413 1209 1474; x_wconf 79' lang='lat' dir='ltr'>llll</span> 
     </span>
     <span class='ocr_line' id='line_1_16' title="bbox 138 1496 1238 1581; baseline -0.008 -18"><span class='ocrx_word' id='word_1_125' title='bbox 138 1503 201 1563; x_wconf 85' lang='grc'>340</span> <span class='ocrx_word' id='word_1_126' title='bbox 212 1501 279 1579; x_wconf 87' lang='lat' dir='ltr'>sq).</span> <span class='ocrx_word' id='word_1_127' title='bbox 315 1499 450 1581; x_wconf 87' lang='lat' dir='ltr'>Denique</span> <span class='ocrx_word' id='word_1_128' title='bbox 471 1499 589 1562; x_wconf 88' lang='lat' dir='ltr'>saeculo</span> <span class='ocrx_word' id='word_1_129' title='bbox 604 1498 670 1561; x_wconf 90' lang='lat' dir='ltr'>Xlll</span> <span class='ocrx_word' id='word_1_130' title='bbox 684 1499 793 1559; x_wconf 89' lang='lat' dir='ltr'>multae</span> <span class='ocrx_word' id='word_1_131' title='bbox 814 1499 927 1577; x_wconf 88' lang='lat' dir='ltr'>glossae</span> <span class='ocrx_word' id='word_1_132' title='bbox 950 1497 981 1558; x_wconf 94' lang='lat' dir='ltr'>in</span> <span class='ocrx_word' id='word_1_133' title='bbox 1004 1496 1087 1559; x_wconf 91' lang='lat' dir='ltr'>libris</span> <span class='ocrx_word' id='word_1_134' title='bbox 1101 1497 1208 1559; x_wconf 84' lang='lat' dir='ltr'>l-vll</span> <span class='ocrx_word' id='word_1_135' title='bbox 1233 1531 1238 1554; x_wconf 52' lang='lat' dir='ltr'>a</span> 
     </span>
     <span class='ocr_line' id='line_1_17' title="bbox 137 1581 1208 1663; baseline -0.001 -18"><span class='ocrx_word' id='word_1_136' title='bbox 137 1593 167 1645; x_wconf 92' lang='lat' dir='ltr'>et</span> <span class='ocrx_word' id='word_1_137' title='bbox 195 1583 225 1646; x_wconf 94' lang='lat' dir='ltr'>in</span> <span class='ocrx_word' id='word_1_138' title='bbox 254 1583 331 1646; x_wconf 93' lang='lat' dir='ltr'>libro</span> <span class='ocrx_word' id='word_1_139' title='bbox 353 1585 402 1661; x_wconf 88' lang='lat' dir='ltr'>x1,</span> <span class='ocrx_word' id='word_1_140' title='bbox 424 1604 500 1648; x_wconf 90' lang='lat' dir='ltr'>saec.</span> <span class='ocrx_word' id='word_1_141' title='bbox 523 1584 586 1646; x_wconf 79' lang='lat' dir='ltr'>xlv</span> <span class='ocrx_word' id='word_1_142' title='bbox 608 1594 638 1645; x_wconf 89' lang='lat' dir='ltr'>et</span> <span class='ocrx_word' id='word_1_143' title='bbox 658 1584 707 1644; x_wconf 87' lang='lat' dir='ltr'>XV</span> <span class='ocrx_word' id='word_1_144' title='bbox 736 1584 880 1644; x_wconf 71' lang='lat' dir='ltr'>variarum</span> <span class='ocrx_word' id='word_1_145' title='bbox 903 1581 1063 1644; x_wconf 90' lang='lat' dir='ltr'>lectionum</span> <span class='ocrx_word' id='word_1_146' title='bbox 1087 1601 1141 1663; x_wconf 89' lang='lat' dir='ltr'>per</span> <span class='ocrx_word' id='word_1_147' title='bbox 1163 1593 1208 1645; x_wconf 88' lang='lat' dir='ltr'>to·</span> 
     </span>
     <span class='ocr_line' id='line_1_18' title="bbox 123 1666 1208 1751; baseline 0 -22"><span class='ocrx_word' id='word_1_148' title='bbox 123 1677 201 1731; x_wconf 86' lang='lat' dir='ltr'>¹tum</span> <span class='ocrx_word' id='word_1_149' title='bbox 230 1688 306 1751; x_wconf 91' lang='lat' dir='ltr'>opus</span> <span class='ocrx_word' id='word_1_150' title='bbox 334 1681 380 1732; x_wconf 92' lang='lat' dir='ltr'>sat</span> <span class='ocrx_word' id='word_1_151' title='bbox 407 1688 533 1750; x_wconf 91' lang='lat' dir='ltr'>magnus</span> <span class='ocrx_word' id='word_1_152' title='bbox 562 1669 667 1731; x_wconf 92' lang='lat' dir='ltr'>adlitus</span> <span class='ocrx_word' id='word_1_153' title='bbox 695 1677 740 1730; x_wconf 90' lang='lat' dir='ltr'>est</span> <span class='ocrx_word' id='word_1_154' title='bbox 768 1685 911 1750; x_wconf 86' lang='lat' dir='ltr'>numerus</span> <span class='ocrx_word' id='word_1_155' title='bbox 932 1667 1011 1744; x_wconf 66' lang='lat' dir='ltr'>(bil).</span> <span class='ocrx_word' id='word_1_156' title='bbox 1055 1666 1099 1728; x_wconf 84' lang='lat' dir='ltr'>Ex</span> <span class='ocrx_word' id='word_1_157' title='bbox 1129 1677 1208 1730; x_wconf 91' lang='lat' dir='ltr'>tanta</span> 
     </span>
     <span class='ocr_line' id='line_1_19' title="bbox 136 1753 1208 1834; baseline 0.001 -20"><span class='ocrx_word' id='word_1_158' title='bbox 136 1753 298 1816; x_wconf 90' lang='lat' dir='ltr'>lectionum</span> <span class='ocrx_word' id='word_1_159' title='bbox 315 1755 482 1816; x_wconf 85' lang='lat' dir='ltr'>diversitate</span> <span class='ocrx_word' id='word_1_160' title='bbox 496 1755 559 1816; x_wconf 88' lang='lat' dir='ltr'>sola</span> <span class='ocrx_word' id='word_1_161' title='bbox 581 1773 646 1816; x_wconf 91' lang='lat' dir='ltr'>esse</span> <span class='ocrx_word' id='word_1_162' title='bbox 666 1754 723 1815; x_wconf 81' lang='lat' dir='ltr'>side</span> <span class='ocrx_word' id='word_1_163' title='bbox 746 1753 842 1832; x_wconf 89' lang='lat' dir='ltr'>digna,</span> <span class='ocrx_word' id='word_1_164' title='bbox 865 1771 941 1832; x_wconf 91' lang='lat' dir='ltr'>quae</span> <span class='ocrx_word' id='word_1_165' title='bbox 961 1771 979 1813; x_wconf 96' lang='lat' dir='ltr'>a</span> <span class='ocrx_word' id='word_1_166' title='bbox 1000 1770 1090 1814; x_wconf 91' lang='lat' dir='ltr'>manu</span> <span class='ocrx_word' id='word_1_167' title='bbox 1114 1755 1208 1834; x_wconf 90' lang='lat' dir='ltr'>prima</span> 
     </span>
     <span class='ocr_line' id='line_1_20' title="bbox 135 1838 1206 1919; baseline 0.001 -20"><span class='ocrx_word' id='word_1_168' title='bbox 135 1838 214 1918; x_wconf 89' lang='lat' dir='ltr'>picta</span> <span class='ocrx_word' id='word_1_169' title='bbox 236 1838 368 1918; x_wconf 92' lang='lat' dir='ltr'>genuino</span> <span class='ocrx_word' id='word_1_170' title='bbox 389 1839 451 1901; x_wconf 85' lang='lat' dir='ltr'>veri</span> <span class='ocrx_word' id='word_1_171' title='bbox 473 1840 630 1919; x_wconf 86' lang='lat' dir='ltr'>splendore</span> <span class='ocrx_word' id='word_1_172' title='bbox 652 1840 814 1901; x_wconf 86' lang='lat' dir='ltr'>conlucent</span> <span class='ocrx_word' id='word_1_173' title='bbox 835 1855 970 1917; x_wconf 92' lang='lat' dir='ltr'>quaeque</span> <span class='ocrx_word' id='word_1_174' title='bbox 987 1856 1003 1899; x_wconf 99' lang='lat' dir='ltr'>a</span> <span class='ocrx_word' id='word_1_175' title='bbox 1019 1839 1116 1918; x_wconf 92' lang='lat' dir='ltr'>primo</span> <span class='ocrx_word' id='word_1_176' title='bbox 1140 1858 1206 1900; x_wconf 91' lang='lat' dir='ltr'>cor-</span> 
     </span>
     <span class='ocr_line' id='line_1_21' title="bbox 137 1922 1207 2005; baseline 0.002 -22"><span class='ocrx_word' id='word_1_177' title='bbox 137 1931 253 1984; x_wconf 89' lang='lat' dir='ltr'>rectore</span> <span class='ocrx_word' id='word_1_178' title='bbox 281 1934 353 1986; x_wconf 92' lang='lat' dir='ltr'>sunt</span> <span class='ocrx_word' id='word_1_179' title='bbox 374 1924 498 2005; x_wconf 90' lang='lat' dir='ltr'>scripta,</span> <span class='ocrx_word' id='word_1_180' title='bbox 528 1924 588 1987; x_wconf 87' lang='lat' dir='ltr'>sire</span> <span class='ocrx_word' id='word_1_181' title='bbox 608 1925 738 2003; x_wconf 87' lang='lat' dir='ltr'>liquent,</span> <span class='ocrx_word' id='word_1_182' title='bbox 768 1925 827 1986; x_wconf 85' lang='lat' dir='ltr'>sive</span> <span class='ocrx_word' id='word_1_183' title='bbox 850 1943 866 1985; x_wconf 93' lang='lat' dir='ltr'>e</span> <span class='ocrx_word' id='word_1_184' title='bbox 888 1923 1018 2002; x_wconf 78' lang='lat' dir='ltr'>vestigiis</span> <span class='ocrx_word' id='word_1_185' title='bbox 1043 1922 1207 1985; x_wconf 90' lang='lat' dir='ltr'>litterarum</span> 
     </span>
     <span class='ocr_line' id='line_1_22' title="bbox 135 2008 1206 2089; baseline 0.001 -20"><span class='ocrx_word' id='word_1_186' title='bbox 135 2025 287 2070; x_wconf 89' lang='lat' dir='ltr'>erasarum</span> <span class='ocrx_word' id='word_1_187' title='bbox 311 2026 381 2070; x_wconf 90' lang='lat' dir='ltr'>cum</span> <span class='ocrx_word' id='word_1_188' title='bbox 403 2009 463 2070; x_wconf 87' lang='lat' dir='ltr'>reri</span> <span class='ocrx_word' id='word_1_189' title='bbox 485 2009 675 2072; x_wconf 91' lang='lat' dir='ltr'>similitudine</span> <span class='ocrx_word' id='word_1_190' title='bbox 702 2009 827 2088; x_wconf 91' lang='lat' dir='ltr'>quadam</span> <span class='ocrx_word' id='word_1_191' title='bbox 851 2016 977 2089; x_wconf 92' lang='lat' dir='ltr'>possunt</span> <span class='ocrx_word' id='word_1_192' title='bbox 998 2008 1129 2081; x_wconf 91' lang='lat' dir='ltr'>restitui,</span> <span class='ocrx_word' id='word_1_193' title='bbox 1152 2010 1206 2070; x_wconf 94' lang='lat' dir='ltr'>du·</span> 
     </span>
     <span class='ocr_line' id='line_1_23' title="bbox 135 2091 1206 2190; baseline 0.003 -38"><span class='ocrx_word' id='word_1_194' title='bbox 135 2091 206 2153; x_wconf 91' lang='lat' dir='ltr'>dum</span> <span class='ocrx_word' id='word_1_195' title='bbox 234 2104 279 2154; x_wconf 90' lang='lat' dir='ltr'>est</span> <span class='ocrx_word' id='word_1_196' title='bbox 311 2095 463 2179; x_wconf 89' lang='lat' dir='ltr'>cognitum</span> <span class='ocrx_word' id='word_1_197' title='bbox 496 2095 719 2190; x_wconf 81' lang='lat' dir='ltr'>fragmentaque</span> <span class='ocrx_word' id='word_1_198' title='bbox 748 2093 918 2154; x_wconf 91' lang='lat' dir='ltr'>Britannico</span> <span class='ocrx_word' id='word_1_199' title='bbox 950 2102 1069 2189; x_wconf 81' lang='lat' dir='ltr'>reperto</span> <span class='ocrx_word' id='word_1_200' title='bbox 1098 2094 1206 2155; x_wconf 90' lang='lat' dir='ltr'>clarius</span> 
     </span>
     <span class='ocr_line' id='line_1_24' title="bbox 133 2162 1206 2275; baseline 0.003 -38"><span class='ocrx_word' id='word_1_201' title='bbox 133 2177 364 2239; x_wconf 91' lang='lat' dir='ltr'>demonstratur.</span> <span class='ocrx_word' id='word_1_202' title='bbox 379 2162 496 2275; x_wconf 76' lang='lat' dir='ltr'>Quod</span> <span class='ocrx_word' id='word_1_203' title='bbox 523 2195 591 2241; x_wconf 84' lang='lat' dir='ltr'>cunr</span> <span class='ocrx_word' id='word_1_204' title='bbox 619 2178 658 2240; x_wconf 91' lang='lat' dir='ltr'>ita</span> <span class='ocrx_word' id='word_1_205' title='bbox 679 2178 731 2251; x_wconf 87' lang='lat' dir='ltr'>sit,</span> <span class='ocrx_word' id='word_1_206' title='bbox 762 2197 837 2258; x_wconf 92' lang='lat' dir='ltr'>quae</span> <span class='ocrx_word' id='word_1_207' title='bbox 859 2196 875 2237; x_wconf 93' lang='lat' dir='ltr'>a</span> <span class='ocrx_word' id='word_1_208' title='bbox 897 2195 988 2238; x_wconf 90' lang='lat' dir='ltr'>manu</span> <span class='ocrx_word' id='word_1_209' title='bbox 1010 2177 1104 2256; x_wconf 89' lang='lat' dir='ltr'>prima</span> <span class='ocrx_word' id='word_1_210' title='bbox 1127 2178 1206 2240; x_wconf 79' lang='lat' dir='ltr'>iide-</span> 
     </span>
     <span class='ocr_line' id='line_1_25' title="bbox 135 2259 1205 2344; baseline 0.004 -23"><span class='ocrx_word' id='word_1_211' title='bbox 135 2259 245 2323; x_wconf 90' lang='lat' dir='ltr'>bantur</span> <span class='ocrx_word' id='word_1_212' title='bbox 258 2262 373 2337; x_wconf 87' lang='lat' dir='ltr'>tradita,</span> <span class='ocrx_word' id='word_1_213' title='bbox 398 2262 455 2326; x_wconf 81' lang='lat' dir='ltr'>nisa</span> <span class='ocrx_word' id='word_1_214' title='bbox 446 2263 589 2344; x_wconf 91' lang='lat' dir='ltr'>quando</span> <span class='ocrx_word' id='word_1_215' title='bbox 603 2281 716 2326; x_wconf 92' lang='lat' dir='ltr'>errasse</span> <span class='ocrx_word' id='word_1_216' title='bbox 731 2264 907 2343; x_wconf 88' lang='lat' dir='ltr'>scriptorem</span> <span class='ocrx_word' id='word_1_217' title='bbox 923 2262 1112 2324; x_wconf 79' lang='lat' dir='ltr'>manifestum</span> <span class='ocrx_word' id='word_1_218' title='bbox 1135 2274 1205 2334; x_wconf 87' lang='lat' dir='ltr'>erat,</span> 
     </span>
     <span class='ocr_line' id='line_1_26' title="bbox 133 2309 1205 2428; baseline 0.001 -21"><span class='ocrx_word' id='word_1_219' title='bbox 133 2347 227 2409; x_wconf 90' lang='lat' dir='ltr'>secuti</span> <span class='ocrx_word' id='word_1_220' title='bbox 248 2309 400 2428; x_wconf 80' lang='lat' dir='ltr'>archetypi</span> <span class='ocrx_word' id='word_1_221' title='bbox 429 2347 516 2410; x_wconf 84' lang='lat' dir='ltr'>fidem</span> <span class='ocrx_word' id='word_1_222' title='bbox 545 2359 767 2428; x_wconf 88' lang='lat' dir='ltr'>repraesentare</span> <span class='ocrx_word' id='word_1_223' title='bbox 795 2348 977 2422; x_wconf 91' lang='lat' dir='ltr'>studuimus,</span> <span class='ocrx_word' id='word_1_224' title='bbox 1005 2347 1205 2409; x_wconf 90' lang='lat' dir='ltr'>sinceritatem</span> 
     </span>
     <span class='ocr_line' id='line_1_27' title="bbox 134 2431 1204 2512; baseline 0.003 -20"><span class='ocrx_word' id='word_1_225' title='bbox 134 2431 219 2509; x_wconf 90' lang='lat' dir='ltr'>quasi</span> <span class='ocrx_word' id='word_1_226' title='bbox 241 2432 391 2509; x_wconf 90' lang='lat' dir='ltr'>quandam</span> <span class='ocrx_word' id='word_1_227' title='bbox 412 2442 442 2494; x_wconf 93' lang='lat' dir='ltr'>et</span> <span class='ocrx_word' id='word_1_228' title='bbox 463 2434 645 2507; x_wconf 90' lang='lat' dir='ltr'>munditiem,</span> <span class='ocrx_word' id='word_1_229' title='bbox 668 2451 845 2512; x_wconf 90' lang='lat' dir='ltr'>quamquam</span> <span class='ocrx_word' id='word_1_230' title='bbox 867 2432 954 2512; x_wconf 93' lang='lat' dir='ltr'>paulo</span> <span class='ocrx_word' id='word_1_231' title='bbox 977 2433 1110 2494; x_wconf 90' lang='lat' dir='ltr'>scabrior</span> <span class='ocrx_word' id='word_1_232' title='bbox 1128 2452 1204 2495; x_wconf 92' lang='lat' dir='ltr'>non·</span> 
     </span>
     <span class='ocr_line' id='line_1_28' title="bbox 134 2517 1205 2598; baseline 0.003 -23"><span class='ocrx_word' id='word_1_233' title='bbox 134 2534 296 2595; x_wconf 85' lang='lat' dir='ltr'>numquam</span> <span class='ocrx_word' id='word_1_234' title='bbox 319 2517 473 2578; x_wconf 86' lang='lat' dir='ltr'>ridebatur</span> <span class='ocrx_word' id='word_1_235' title='bbox 494 2537 574 2593; x_wconf 81' lang='lat' dir='ltr'>asse,</span> <span class='ocrx_word' id='word_1_236' title='bbox 596 2519 757 2598; x_wconf 89' lang='lat' dir='ltr'>elegantiae</span> <span class='ocrx_word' id='word_1_237' title='bbox 777 2519 891 2578; x_wconf 89' lang='lat' dir='ltr'>lucatae</span> <span class='ocrx_word' id='word_1_238' title='bbox 912 2517 1135 2579; x_wconf 79' lang='lat' dir='ltr'>anteferendam</span> <span class='ocrx_word' id='word_1_239' title='bbox 1158 2537 1205 2578; x_wconf 91' lang='lat' dir='ltr'>ar·</span> 
     </span>
     <span class='ocr_line' id='line_1_29' title="bbox 134 2598 1205 2683; baseline 0.004 -23"><span class='ocrx_word' id='word_1_240' title='bbox 134 2598 242 2662; x_wconf 89' lang='lat' dir='ltr'>bitrati.</span> <span class='ocrx_word' id='word_1_241' title='bbox 286 2601 376 2664; x_wconf 89' lang='lat' dir='ltr'>Nolui</span> <span class='ocrx_word' id='word_1_242' title='bbox 400 2610 498 2664; x_wconf 90' lang='lat' dir='ltr'>autem</span> <span class='ocrx_word' id='word_1_243' title='bbox 526 2621 629 2666; x_wconf 92' lang='lat' dir='ltr'>eorum</span> <span class='ocrx_word' id='word_1_244' title='bbox 656 2603 739 2683; x_wconf 90' lang='lat' dir='ltr'>sequi</span> <span class='ocrx_word' id='word_1_245' title='bbox 764 2601 1019 2682; x_wconf 88' lang='lat' dir='ltr'>superstitionem,</span> <span class='ocrx_word' id='word_1_246' title='bbox 1048 2603 1099 2681; x_wconf 89' lang='lat' dir='ltr'>qui</span> <span class='ocrx_word' id='word_1_247' title='bbox 1122 2604 1205 2681; x_wconf 91' lang='lat' dir='ltr'>quie-</span> 
     </span>
     <span class='ocr_line' id='line_1_30' title="bbox 133 2685 1204 2768; baseline 0.003 -22"><span class='ocrx_word' id='word_1_248' title='bbox 133 2685 204 2764; x_wconf 90' lang='lat' dir='ltr'>quid</span> <span class='ocrx_word' id='word_1_249' title='bbox 227 2697 272 2748; x_wconf 92' lang='lat' dir='ltr'>est</span> <span class='ocrx_word' id='word_1_250' title='bbox 286 2687 332 2760; x_wconf 83' lang='lat' dir='ltr'>vel</span> <span class='ocrx_word' id='word_1_251' title='bbox 348 2706 468 2750; x_wconf 89' lang='lat' dir='ltr'>rasurae</span> <span class='ocrx_word' id='word_1_252' title='bbox 487 2688 533 2750; x_wconf 88' lang='lat' dir='ltr'>vel</span> <span class='ocrx_word' id='word_1_253' title='bbox 553 2689 667 2762; x_wconf 87' lang='lat' dir='ltr'>liturae,</span> <span class='ocrx_word' id='word_1_254' title='bbox 690 2688 849 2767; x_wconf 87' lang='lat' dir='ltr'>genuinam</span> <span class='ocrx_word' id='word_1_255' title='bbox 872 2687 973 2749; x_wconf 89' lang='lat' dir='ltr'>nescio</span> <span class='ocrx_word' id='word_1_256' title='bbox 996 2705 1085 2766; x_wconf 91' lang='lat' dir='ltr'>quam</span> <span class='ocrx_word' id='word_1_257' title='bbox 1107 2688 1204 2768; x_wconf 91' lang='lat' dir='ltr'>suspi-</span> 
     </span>
     <span class='ocr_line' id='line_1_31' title="bbox 38 2771 1204 2846; baseline 0.003 -15"><span class='ocrx_word' id='word_1_258' title='bbox 38 2836 40 2840; x_wconf 11' lang='grc' dir='ltr'><em>Α</em></span> <span class='ocrx_word' id='word_1_259' title='bbox 132 2778 240 2832; x_wconf 90' lang='lat' dir='ltr'>cantur</span> <span class='ocrx_word' id='word_1_260' title='bbox 262 2771 449 2834; x_wconf 88' lang='lat' dir='ltr'>obscuratam</span> <span class='ocrx_word' id='word_1_261' title='bbox 463 2772 630 2836; x_wconf 89' lang='lat' dir='ltr'>lectionem.</span> <span class='ocrx_word' id='word_1_262' title='bbox 667 2773 752 2845; x_wconf 83' lang='lat' dir='ltr'>Quod</span> <span class='ocrx_word' id='word_1_263' title='bbox 769 2792 807 2834; x_wconf 90' lang='lat' dir='ltr'>ne</span> <span class='ocrx_word' id='word_1_264' title='bbox 821 2775 958 2845; x_wconf 91' lang='lat' dir='ltr'>lacerem,</span> <span class='ocrx_word' id='word_1_265' title='bbox 974 2782 1004 2832; x_wconf 90' lang='lat' dir='ltr'>et</span> <span class='ocrx_word' id='word_1_266' title='bbox 1017 2773 1204 2846; x_wconf 89' lang='lat' dir='ltr'>correctoris,</span> 
     </span>
     <span class='ocr_line' id='line_1_32' title="bbox 132 2855 1204 2940; baseline 0.002 -23"><span class='ocrx_word' id='word_1_267' title='bbox 132 2874 222 2940; x_wconf 90' lang='lat' dir='ltr'>quem</span> <span class='ocrx_word' id='word_1_268' title='bbox 243 2855 287 2917; x_wconf 75' lang='lat' dir='ltr'>Mo</span> <span class='ocrx_word' id='word_1_269' title='bbox 312 2856 483 2937; x_wconf 79' lang='lat' dir='ltr'>significavi,</span> <span class='ocrx_word' id='word_1_270' title='bbox 504 2858 635 2920; x_wconf 90' lang='lat' dir='ltr'>monitus</span> <span class='ocrx_word' id='word_1_271' title='bbox 655 2877 720 2920; x_wconf 92' lang='lat' dir='ltr'>sum</span> <span class='ocrx_word' id='word_1_272' title='bbox 741 2859 894 2919; x_wconf 89' lang='lat' dir='ltr'>sedulitate</span> <span class='ocrx_word' id='word_1_273' title='bbox 922 2868 952 2918; x_wconf 94' lang='lat' dir='ltr'>et</span> <span class='ocrx_word' id='word_1_274' title='bbox 979 2856 1146 2936; x_wconf 89' lang='lat' dir='ltr'>diligentia,</span> <span class='ocrx_word' id='word_1_275' title='bbox 1176 2870 1204 2919; x_wconf 91' lang='lat' dir='ltr'>et</span> 
     </span>
     <span class='ocr_line' id='line_1_33' title="bbox 132 2941 1203 3023; baseline 0.004 -23"><span class='ocrx_word' id='word_1_276' title='bbox 132 2949 213 3002; x_wconf 89' lang='lat' dir='ltr'>tanta</span> <span class='ocrx_word' id='word_1_277' title='bbox 242 2941 332 3003; x_wconf 87' lang='lat' dir='ltr'>luisse</span> <span class='ocrx_word' id='word_1_278' title='bbox 361 2942 495 3004; x_wconf 85' lang='lat' dir='ltr'>ridebam</span> <span class='ocrx_word' id='word_1_279' title='bbox 523 2944 650 3022; x_wconf 90' lang='lat' dir='ltr'>primum</span> <span class='ocrx_word' id='word_1_280' title='bbox 678 2943 818 3005; x_wconf 84' lang='lat' dir='ltr'>Marciani</span> <span class='ocrx_word' id='word_1_281' title='bbox 848 2942 958 3004; x_wconf 89' lang='lat' dir='ltr'>codicis</span> <span class='ocrx_word' id='word_1_282' title='bbox 983 2943 1110 3004; x_wconf 90' lang='lat' dir='ltr'>scribam</span> <span class='ocrx_word' id='word_1_283' title='bbox 1132 2962 1203 3023; x_wconf 92' lang='lat' dir='ltr'>pro·</span> 
     </span>
     <span class='ocr_line' id='line_1_34' title="bbox 132 3026 1202 3107; baseline 0.006 -22"><span class='ocrx_word' id='word_1_284' title='bbox 132 3026 265 3104; x_wconf 90' lang='lat' dir='ltr'>perantia</span> <span class='ocrx_word' id='word_1_285' title='bbox 293 3036 324 3087; x_wconf 94' lang='lat' dir='ltr'>et</span> <span class='ocrx_word' id='word_1_286' title='bbox 351 3038 383 3088; x_wconf 92' lang='lat' dir='ltr'>ut</span> <span class='ocrx_word' id='word_1_287' title='bbox 412 3028 450 3088; x_wconf 91' lang='lat' dir='ltr'>ita</span> <span class='ocrx_word' id='word_1_288' title='bbox 480 3028 572 3089; x_wconf 90' lang='lat' dir='ltr'>dicam</span> <span class='ocrx_word' id='word_1_289' title='bbox 606 3030 774 3101; x_wconf 90' lang='lat' dir='ltr'>oscitantia,</span> <span class='ocrx_word' id='word_1_290' title='bbox 809 3039 841 3089; x_wconf 95' lang='lat' dir='ltr'>ut</span> <span class='ocrx_word' id='word_1_291' title='bbox 873 3028 969 3088; x_wconf 89' lang='lat' dir='ltr'>lacere</span> <span class='ocrx_word' id='word_1_292' title='bbox 1002 3046 1064 3088; x_wconf 92' lang='lat' dir='ltr'>non</span> <span class='ocrx_word' id='word_1_293' title='bbox 1094 3039 1202 3107; x_wconf 83' lang='lat' dir='ltr'>posset,</span> 
     </span>
     <span class='ocr_line' id='line_1_35' title="bbox 131 3110 1202 3191; baseline 0.004 -21"><span class='ocrx_word' id='word_1_294' title='bbox 131 3110 204 3188; x_wconf 92' lang='lat' dir='ltr'>quin</span> <span class='ocrx_word' id='word_1_295' title='bbox 228 3112 389 3188; x_wconf 90' lang='lat' dir='ltr'>permulta,</span> <span class='ocrx_word' id='word_1_296' title='bbox 420 3131 494 3191; x_wconf 90' lang='lat' dir='ltr'>quae</span> <span class='ocrx_word' id='word_1_297' title='bbox 516 3114 614 3175; x_wconf 90' lang='lat' dir='ltr'>minus</span> <span class='ocrx_word' id='word_1_298' title='bbox 635 3114 919 3184; x_wconf 73' lang='lat' dir='ltr'>recte‘exararisset,</span> <span class='ocrx_word' id='word_1_299' title='bbox 942 3121 992 3173; x_wconf 91' lang='lat' dir='ltr'>aut</span> <span class='ocrx_word' id='word_1_300' title='bbox 1014 3113 1078 3191; x_wconf 89' lang='lat' dir='ltr'>ipse</span> <span class='ocrx_word' id='word_1_301' title='bbox 1102 3133 1202 3174; x_wconf 90' lang='lat' dir='ltr'>emen·</span> 
     </span>
     <span class='ocr_line' id='line_1_36' title="bbox 130 3195 1202 3339; baseline 0.005 -85"><span class='ocrx_word' id='word_1_302' title='bbox 130 3195 222 3339; x_wconf 54' lang='lat' dir='ltr'>{laret</span> <span class='ocrx_word' id='word_1_303' title='bbox 244 3206 297 3256; x_wconf 88' lang='lat' dir='ltr'>aut</span> <span class='ocrx_word' id='word_1_304' title='bbox 319 3198 480 3260; x_wconf 90' lang='lat' dir='ltr'>correctori</span> <span class='ocrx_word' id='word_1_305' title='bbox 502 3199 627 3260; x_wconf 90' lang='lat' dir='ltr'>doctiori</span> <span class='ocrx_word' id='word_1_306' title='bbox 649 3199 799 3277; x_wconf 87' lang='lat' dir='ltr'>magisque</span> <span class='ocrx_word' id='word_1_307' title='bbox 822 3198 924 3259; x_wconf 92' lang='lat' dir='ltr'>sedulo</span> <span class='ocrx_word' id='word_1_308' title='bbox 947 3198 1132 3259; x_wconf 90' lang='lat' dir='ltr'>emendanda</span> <span class='ocrx_word' id='word_1_309' title='bbox 1155 3218 1202 3260; x_wconf 90' lang='lat' dir='ltr'>re·</span> 
     </span>
     <span class='ocr_line' id='line_1_37' title="bbox 141 3280 1237 3360; baseline 0.002 -21"><span class='ocrx_word' id='word_1_310' title='bbox 141 3280 288 3360; x_wconf 91' lang='lat' dir='ltr'>inqueret.</span> <span class='ocrx_word' id='word_1_311' title='bbox 1233 3298 1237 3306; x_wconf 84' lang='lat'><strong>·</strong></span> 
     </span>
     <span class='ocr_line' id='line_1_38' title="bbox 214 3365 1217 3445; baseline 0.003 -19"><span class='ocrx_word' id='word_1_312' title='bbox 214 3365 330 3427; x_wconf 87' lang='lat' dir='ltr'>Horum</span> <span class='ocrx_word' id='word_1_313' title='bbox 350 3366 440 3445; x_wconf 83' lang='lat' dir='ltr'>igitur</span> <span class='ocrx_word' id='word_1_314' title='bbox 460 3368 595 3429; x_wconf 91' lang='lat' dir='ltr'>codicum</span> <span class='ocrx_word' id='word_1_315' title='bbox 615 3368 659 3428; x_wconf 88' lang='lat' dir='ltr'>vel</span> <span class='ocrx_word' id='word_1_316' title='bbox 682 3386 830 3429; x_wconf 89' lang='lat' dir='ltr'>consensu</span> <span class='ocrx_word' id='word_1_317' title='bbox 846 3368 894 3444; x_wconf 78' lang='lat' dir='ltr'>(ll)</span> <span class='ocrx_word' id='word_1_318' title='bbox 911 3367 955 3428; x_wconf 80' lang='lat' dir='ltr'>iel</span> <span class='ocrx_word' id='word_1_319' title='bbox 977 3368 1146 3428; x_wconf 90' lang='lat' dir='ltr'>testimonio</span> <span class='ocrx_word' id='word_1_320' title='bbox 1169 3380 1217 3429; x_wconf 91' lang='lat' dir='ltr'>ut</span> 
     </span>
     <span class='ocr_line' id='line_1_39' title="bbox 130 3451 1235 3549; baseline 0.005 -39"><span class='ocrx_word' id='word_1_321' title='bbox 130 3451 243 3528; x_wconf 92' lang='lat' dir='ltr'>optimo</span> <span class='ocrx_word' id='word_1_322' title='bbox 259 3451 473 3513; x_wconf 80' lang='lat' dir='ltr'>fundamento</span> <span class='ocrx_word' id='word_1_323' title='bbox 466 3453 586 3514; x_wconf 83' lang='lat' dir='ltr'>annixus</span> <span class='ocrx_word' id='word_1_324' title='bbox 601 3453 728 3540; x_wconf 85' lang='lat' dir='ltr'>primunr</span> <span class='ocrx_word' id='word_1_325' title='bbox 743 3472 818 3549; x_wconf 85' lang='lat' dir='ltr'>quae</span> <span class='ocrx_word' id='word_1_326' title='bbox 833 3453 863 3513; x_wconf 94' lang='lat' dir='ltr'>in</span> <span class='ocrx_word' id='word_1_327' title='bbox 879 3454 1039 3534; x_wconf 85' lang='lat' dir='ltr'>archetypo</span> <span class='ocrx_word' id='word_1_328' title='bbox 1062 3453 1201 3515; x_wconf 71' lang='lat' dir='ltr'>rideban-</span> <span class='ocrx_word' id='word_1_329' title='bbox 1230 3488 1235 3532; x_wconf 85' lang='lat' dir='ltr'>t</span> 
     </span>
     <span class='ocr_line' id='line_1_40' title="bbox 130 3527 1239 3634; baseline 0.007 -40"><span class='ocrx_word' id='word_1_330' title='bbox 130 3543 178 3595; x_wconf 94' lang='lat' dir='ltr'>tur</span> <span class='ocrx_word' id='word_1_331' title='bbox 200 3536 307 3608; x_wconf 89' lang='lat' dir='ltr'>luisse,</span> <span class='ocrx_word' id='word_1_332' title='bbox 337 3545 398 3596; x_wconf 83' lang='lat' dir='ltr'>tuna</span> <span class='ocrx_word' id='word_1_333' title='bbox 422 3556 496 3615; x_wconf 90' lang='lat' dir='ltr'>quae</span> <span class='ocrx_word' id='word_1_334' title='bbox 520 3527 692 3599; x_wconf 86' lang='lat' dir='ltr'>Ovidium</span> <span class='ocrx_word' id='word_1_335' title='bbox 675 3538 828 3634; x_wconf 89' lang='lat' dir='ltr'>scripsisse</span> <span class='ocrx_word' id='word_1_336' title='bbox 850 3538 1006 3599; x_wconf 76' lang='lat' dir='ltr'>terisimile</span> <span class='ocrx_word' id='word_1_337' title='bbox 1029 3547 1089 3612; x_wconf 92' lang='lat' dir='ltr'>est,</span> <span class='ocrx_word' id='word_1_338' title='bbox 1116 3541 1239 3601; x_wconf 90' lang='lat' dir='ltr'>resti-</span> 
     </span>
     <span class='ocr_line' id='line_1_41' title="bbox 130 3621 1216 3702; baseline 0.007 -22"><span class='ocrx_word' id='word_1_339' title='bbox 130 3628 213 3682; x_wconf 91' lang='lat' dir='ltr'>tuere</span> <span class='ocrx_word' id='word_1_340' title='bbox 241 3639 308 3682; x_wconf 91' lang='lat' dir='ltr'>sum</span> <span class='ocrx_word' id='word_1_341' title='bbox 337 3633 474 3689; x_wconf 88' lang='lat' dir='ltr'>conatus</span> <span class='ocrx_word' id='word_1_342' title='bbox 515 3621 618 3693; x_wconf 81' lang='lat' dir='ltr'>Ouo</span> <span class='ocrx_word' id='word_1_343' title='bbox 610 3642 640 3683; x_wconf 90' lang='lat' dir='ltr'>ru</span> <span class='ocrx_word' id='word_1_344' title='bbox 670 3624 790 3702; x_wconf 86' lang='lat' dir='ltr'>negotio</span> <span class='ocrx_word' id='word_1_345' title='bbox 813 3643 881 3686; x_wconf 91' lang='lat' dir='ltr'>cum</span> <span class='ocrx_word' id='word_1_346' title='bbox 904 3623 971 3684; x_wconf 91' lang='lat' dir='ltr'>libri</span> <span class='ocrx_word' id='word_1_347' title='bbox 994 3624 1136 3685; x_wconf 81' lang='lat' dir='ltr'>Marciani</span> <span class='ocrx_word' id='word_1_348' title='bbox 1159 3625 1216 3687; x_wconf 81' lang='lat' dir='ltr'>ii·</span> 
     </span>
     <span class='ocr_line' id='line_1_42' title="bbox 129 3704 1200 3804; baseline 0.007 -40"><span class='ocrx_word' id='word_1_349' title='bbox 129 3704 176 3766; x_wconf 89' lang='lat' dir='ltr'>tiis</span> <span class='ocrx_word' id='word_1_350' title='bbox 198 3706 256 3767; x_wconf 91' lang='lat' dir='ltr'>illis</span> <span class='ocrx_word' id='word_1_351' title='bbox 280 3723 314 3766; x_wconf 92' lang='lat' dir='ltr'>ac</span> <span class='ocrx_word' id='word_1_352' title='bbox 337 3707 529 3787; x_wconf 88' lang='lat' dir='ltr'>corruptelis,</span> <span class='ocrx_word' id='word_1_353' title='bbox 551 3726 626 3804; x_wconf 90' lang='lat' dir='ltr'>quae</span> <span class='ocrx_word' id='word_1_354' title='bbox 647 3727 736 3787; x_wconf 91' lang='lat' dir='ltr'>supra</span> <span class='ocrx_word' id='word_1_355' title='bbox 759 3710 999 3780; x_wconf 87' lang='lat' dir='ltr'>commemorari</span> <span class='ocrx_word' id='word_1_356' title='bbox 1029 3709 1200 3788; x_wconf 88' lang='lat' dir='ltr'>saepissime</span> 
     </span>
     <span class='ocr_line' id='line_1_43' title="bbox 129 3788 1198 3874; baseline 0.006 -24"><span class='ocrx_word' id='word_1_357' title='bbox 129 3788 290 3870; x_wconf 92' lang='lat' dir='ltr'>impedirer</span> <span class='ocrx_word' id='word_1_358' title='bbox 311 3808 348 3851; x_wconf 90' lang='lat' dir='ltr'>ae</span> <span class='ocrx_word' id='word_1_359' title='bbox 368 3809 538 3866; x_wconf 84' lang='lat' dir='ltr'>coercerer,</span> <span class='ocrx_word' id='word_1_360' title='bbox 563 3793 593 3854; x_wconf 91' lang='lat' dir='ltr'>in</span> <span class='ocrx_word' id='word_1_361' title='bbox 616 3792 901 3874; x_wconf 82' lang='lat' dir='ltr'>Metamorphosibus</span> <span class='ocrx_word' id='word_1_362' title='bbox 923 3794 1115 3855; x_wconf 89' lang='lat' dir='ltr'>emendandis</span> <span class='ocrx_word' id='word_1_363' title='bbox 1138 3815 1198 3856; x_wconf 91' lang='lat' dir='ltr'>non</span> 
     </span>
    </p>
   </div>
   <div class='ocr_carea' id='block_1_3' title="bbox 129 3875 1209 3966">
    <p class='ocr_par' dir='ltr' id='par_1_3' title="bbox 129 3875 1209 3966">
     <span class='ocr_line' id='line_1_44' title="bbox 129 3875 1209 3966; baseline 0.004 -31"><span class='ocrx_word' id='word_1_364' title='bbox 129 3892 163 3934; x_wconf 85' lang='lat' dir='ltr'>ea</span> <span class='ocrx_word' id='word_1_365' title='bbox 184 3875 227 3937; x_wconf 89' lang='lat' dir='ltr'>uti</span> <span class='ocrx_word' id='word_1_366' title='bbox 250 3875 341 3937; x_wconf 89' lang='lat' dir='ltr'>licere</span> <span class='ocrx_word' id='word_1_367' title='bbox 364 3877 477 3939; x_wconf 89' lang='lat' dir='ltr'>ratione</span> <span class='ocrx_word' id='word_1_368' title='bbox 499 3878 583 3941; x_wconf 89' lang='lat' dir='ltr'>lacile</span> <span class='ocrx_word' id='word_1_369' title='bbox 606 3880 742 3962; x_wconf 83' lang='lat' dir='ltr'>cognori,</span> <span class='ocrx_word' id='word_1_370' title='bbox 766 3899 826 3966; x_wconf 89' lang='lat' dir='ltr'>qua</span> <span class='ocrx_word' id='word_1_371' title='bbox 845 3877 1099 3963; x_wconf 74' lang='lat' dir='ltr'>inscriptorious</span> <span class='ocrx_word' id='word_1_372' title='bbox 1116 3880 1209 3940; x_wconf 76' lang='lat' dir='ltr'>eben-</span> 
     </span>
    </p>
   </div>
   <div class='ocr_carea' id='block_1_4' title="bbox 0 0 1350 4230">
    <p class='ocr_par' dir='ltr' id='par_1_4' title="bbox 0 0 1350 4230">
     <span class='ocr_line' id='line_1_45' title="bbox 0 0 1350 4230; baseline 0 4"><span class='ocrx_word' id='word_1_373' title='bbox 0 0 1350 4230; x_wconf 95' lang='lat' dir='ltr'> </span> 
     </span>
    </p>
   </div>
  </div>
 </body>
</html>
