2692 4230
132 197 231 238 nsum.
261 199 417 239 0000000000
562 180 616 246 XV,
633 181 777 236 400-020.
1145 178 1206 239 345

133 354 268 439 impedit.
312 377 328 419 a
351 353 490 437 quotiens
511 354 658 436 0000001000
679 352 869 434 nemorisque
890 350 1038 430 lacusque,
1164 365 1209 416 490

133 459 172 502 00
193 443 313 514 laceret,
335 455 479 502 monuere
501 449 530 502 et
547 439 734 502 'consolantia
755 438 843 500 verba

133 525 286 588 dixeruntl
310 523 448 605 quotiens
468 523 552 587 tlenti
573 525 718 587 Theseius
740 527 844 586 heros·
895 567 899 572 -

128 603 213 673 ‘siste
234 603 376 684 modum'‚
398 608 472 672 dixit
490 602 601 690 ‘neque
622 610 701 671 onim
724 611 842 670 1000000
857 607 1013 688 ‘querenda

133 694 195 757 sola
219 704 268 757 tua
291 704 345 755 est
389 693 501 756 similes
520 695 646 757 01100000
668 694 782 773 respice
803 711 906 754 casus:

133 780 233 842 mitius
255 779 309 839 ista
332 778 418 841 10000.
465 779 637 857 0010000000
658 776 791 857 exempla
813 777 962 838 dolentem
1004 817 1006 822 -
1164 785 1208 835 490

134 882 194 925 000
218 880 281 924 mea
305 871 333 924 te
354 872 478 945 possent
498 861 643 924 relevarcl
665 861 716 922 sed
739 870 768 922 et
789 878 854 922 mea
877 870 1010 941 possunt.

133 947 222 1010 lando
246 947 374 1029 aliquem
397 946 590 1030 Hippolytum
611 956 721 1007 vestras
743 958 863 1024 quoque
885 947 1010 1025 contigit
1030 963 1116 1008 aures

134 1030 307 1095 credulitate
330 1034 430 1114 patris,
452 1030 613 1093 sceleratae
634 1031 737 1092 1000010
759 1047 902 1091 novercae

133 1116 309 1180 occubuisse
332 1117 407 1182 neci.
452 1115 605 1188 mirabere.
627 1116 733 1197 vixque
756 1113 898 1196 probabo,

132 1202 183 1263 sed
205 1210 303 1265 000000
326 1201 376 1262 1110
397 1219 453 1281 ego
476 1220 551 1264 sum.
595 1219 643 1263 me
664 1200 836 1283 Pasiphaeia
859 1201 1006 1280 quondam
1164 1209 1207 1260 000

132 1295 307 1368 temptatum
329 1286 438 1349 frustm
461 1287 587 1369 patrium
609 1298 753 1348 temerare
774 1284 883 1365 cubile,

132 1371 212 1452 quod
234 1371 336 1446 voluit,
357 1372 494 1446 voluisse,
517 1371 628 1445 infelix,
651 1371 776 1433 crimino
796 1389 880 1435 verso

131 1454 285 1532 (indiciine
306 1466 387 1520 metu
410 1457 503 1536 magis
524 1456 677 1517 oliensano
698 1453 866 1536 repulsae‘l)

131 1541 289 1615 damnavit,
311 1542 508 1621 meritumque
531 1540 605 1602 nihil
627 1550 710 1620 pater
732 1539 801 1601 eicit
824 1541 896 1601 urbe

132 1625 293 1707 hostilique
315 1634 402 1705 caput
425 1643 513 1706 prece
534 1626 695 1687 detestatur
715 1624 823 1686 euntis.

131 1709 276 1772 Pittheam
300 1710 429 1791 profugo
451 1728 540 1772 curru
562 1709 711 1772 ’10000000
734 1709 870 1790 petebam

132 1794 251 1875 iamque
271 1794 452 1857 Corinthiaci
474 1794 631 1877 carpebam
653 1794 738 1856 litora
762 1795 857 1876 ponti,

132 1897 199 1941 cum
222 1897 304 1942 mare
326 1880 462 1954 surrexit,
484 1879 682 1960 cumulusque
703 1878 832 1940 inmanis
853 1897 995 1960 aquarum
1017 1897 1020 1901 ’

131 1964 163 2026 10
186 1965 296 2027 montis
317 1967 447 2047 speciem
470 1965 583 2027 curvari
605 1976 636 2026 00
656 1981 790 2026 crescere
811 1965 892 2026 visus

131 2059 161 2111 et
182 2051 252 2112 dare
273 2049 405 2129 mugitus
426 2068 602 2130 summoque
623 2049 777 2112 cacumine
799 2049 881 2111 findi.

132 2135 271 2214 corniger
291 2134 486 2216 hipcalaurus
507 2137 604 2214 ruptis
625 2133 783 2215 expellitur
805 2135 893 2196 undis

131 2218 364 2314 pectoribusqqe
386 2230 473 2281 tonus
494 2218 598 2282 molles
620 2229 736 2282 erectus
757 2220 787 2281 in
810 2238 898 2282 00000

132 2304 253 2367 00011000
275 2316 305 2366 00
325 2305 426 2386 000010
449 2315 561 2387 partem
584 2305 674 2366 maris
696 2305 803 2366 evomit
825 2323 887 2367 000.

132 2390 221 2451 corda
243 2398 350 2470 pavent
372 2391 523 2452 comitum.
566 2391 638 2450 mihi
661 2408 745 2451 mens
767 2390 900 2451 interrita
923 2389 1038 2462 mansit,

131 2473 227 2535 exiliis
248 2483 386 2536 contenta
409 2476 487 2537 suis:
510 2492 578 2535 cum
600 2472 675 2535 colla
697 2475 812 2535 1000000

131 2559 168 2620 ad
190 2559 264 2620 lreta
288 2569 464 2621 convertunt
485 2559 669 2639 adrectisque
690 2558 812 2620 auribus
833 2559 956 2621 horrent

132 2644 339 2725 quadrupedes
360 2645 547 2724 monstrique
570 2653 650 2705 metu
674 2643 831 2705 turbantur
853 2654 881 2704 et
903 2644 968 2704 altis

131 2729 330 2812 praecipitant
351 2748 472 2791 currum
494 2729 636 2810 scopulis.
680 2746 735 2807 ego
758 2729 866 2790 0100000
889 2747 960 2790 0000

132 2814 214 2875 irena
237 2819 332 2876 manu
351 2815 465 2895 spumis
486 2812 655 2876 albentibus
677 2814 766 2876 oblita
789 2812 888 2874 luctor

132 2909 161 2959 et
182 2908 262 2960 retro
285 2899 379 2960 lentas
401 2900 491 2960 tendo
513 2900 672 2980 resupinus
692 2899 832 2960 habenas.

133 3002 189 3045 nec
210 2984 288 3045 01000
309 2993 406 3045 tamen
430 2986 482 3046 1000
504 2984 601 3046 0010100
622 2993 790 3065 superasset
811 3001 965 3064 equorum,

132 3069 163 3129 ni
186 3078 261 3138 rota,
284 3079 461 3150 0000000000
484 3087 541 3149 qua
564 3069 799 3130 circumvertitur
820 3086 914 3142 axem,

132 3152 240 3233 stipitis
262 3171 387 3215 occursu
410 3155 501 3215 fracta
524 3172 559 3215 ac
580 3154 700 3215 disiecta.
722 3155 838 3215 luisset.

132 3238 265 3300 excutior
286 3257 386 3309 curru,
410 3239 541 3318 lorisque
563 3238 735 3300 tenentibus
756 3249 838 3301 00000

132 3323 243 3384 viscera
266 3324 327 3385 0100
352 3324 429 3385 000101
452 3342 617 3404 nervosque
639 3324 669 3385 in
692 3325 786 3405 stirpe
808 3325 914 3396 teneri,
1164 3330 1208 3380 000

200 3509 422 3577 4900000100010
484 3509 719 3563 1900000010010
781 3511 832 3562 406
851 3512 912 3572 non]
931 3524 1027 3560 00000
1078 3515 1104 3559 00
1122 3506 1208 3558 ench

133 3579 386 3645 4910000001010
438 3580 489 3630 198
507 3576 646 3630 sceleratae
664 3577 726 3629 eth
778 3581 828 3630 000
847 3577 1012 3646 000101001ος
1070 3579 1119 3630 002
1136 3580 1209 3631 cicc

133 3645 229 3709 voluit,
251 3644 326 3697 linxit
350 3645 464 3697 voluisse
489 3652 514 3697 01
538 3646 643 3698 crimine
660 3645 720 3696 edd.
737 3649 799 3696 octt.
870 3650 920 3698 003
938 3644 1209 3711 iudiciique-olien-

132 3727 246 3779 0000ος
315 3716 365 3766 sot
382 3717 457 3769 cicc
526 3713 624 3779 arguit,
647 3713 841 3780 inmeritumque
867 3720 938 3780 pater
961 3713 1065 3779 proiecit
1087 3712 1119 3762 ab
1145 3711 1208 3762 urhe

132 3866 263 3917 0001000000
313 3869 364 3920 006
383 3866 529 3932 0101000000
580 3797 759 3919 blblceoorldda
810 3869 857 3918 021
879 3881 926 3918 nec
944 3872 1026 3917 tamen
1046 3864 1209 3915 1000010000

132 3936 183 3987 022
201 3934 441 3986 circumvolvitur
493 3934 668 3987 0210001οὀ
718 3934 866 3989 0000100
917 3949 972 3999 que
988 3948 1075 3981 00000
