2692 4230
112 141 154 201 22
572 148 725 203 librauit

112 340 164 383 rus
185 321 284 383 habet
328 321 479 402 Ortygiam
501 318 606 381 studiis
627 318 751 399 ipsaque
772 319 892 385 colebat·

112 406 281 486 virginitate
303 406 395 468 deam.
438 408 496 468 ritu
519 420 640 482 quoque
661 402 757 463 cincta
779 403 887 469 Dianae

113 491 228 553 lallerct
249 500 279 553 et
300 503 401 572 posset
422 489 501 552 credi
523 486 658 556 Latonia,
679 486 704 548 si
726 506 786 548 non

113 595 240 638 corneus
260 576 331 637 huic
352 593 448 647 arcus,
470 574 495 634 si
520 589 579 632 non
602 572 680 634 loret
700 591 808 634 aureus
828 574 880 635 illi.

112 660 156 723 sio
178 680 297 742 quoqne
319 659 446 721 lallebat.
489 657 661 719 redeuntem
684 656 760 720 colle
782 657 895 738 Lycaeo

112 746 174 808 Pan
196 746 275 807 ridet
295 746 382 817 banc,
405 743 538 822 pinuque
560 755 649 822 caput
670 741 859 824 praecinctus
880 757 964 807 acuta

111 830 180 892 talia
201 831 287 892 verba
309 819 405 891 relert'
429 859 472 870 -
493 827 622 888 restabat
642 828 728 890 verba
750 828 869 899 relerre‚

112 927 143 976 et
162 915 301 997 precibus
321 912 428 993 spretis
449 910 559 990 fugisse
582 932 636 994 per
656 914 717 977 avia
741 913 908 994 nympham,

112 1001 209 1062 donec
231 996 369 1060 harenosi
391 995 537 1076 placidum
559 997 689 1061 Ladonis
709 1001 746 1062 ad
768 1015 884 1060 amnem

110 1084 233 1146 venerit.
276 1081 326 1142 hic
347 1080 426 1142 illam
448 1100 568 1145 cursum
590 1084 820 1166 impedientibus
841 1080 938 1156 undis,

112 1180 146 1231 ut
166 1187 199 1230 se
220 1177 381 1242 mutarent,
402 1167 528 1248 liquidas
550 1188 650 1231 orasse
671 1188 799 1244 sorores,

110 1253 259 1332 Panaque,
282 1269 350 1313 cum
372 1271 511 1334 prensam
533 1254 590 1315 sibi
611 1254 670 1314 iam
692 1253 816 1334 Syringa
837 1262 964 1335 putaret,

111 1354 239 1417 corpore
260 1355 315 1418 pro
337 1340 485 1418 nymphae
506 1338 636 1400 calamos
656 1337 787 1401 tenuisse
807 1338 959 1419 palustres.

110 1422 243 1503 dumque
264 1421 305 1483 ibi
326 1423 464 1504 suspirat,
486 1434 585 1484 motos
606 1422 637 1483 in
660 1422 826 1484 bamndine
847 1434 949 1485 ventos

111 1506 245 1568 effecisse
266 1526 373 1569 sonum
396 1519 516 1569 tenuem
537 1506 723 1587 similemque
751 1506 894 1587 querenti.

110 1602 173 1654 arte
195 1611 269 1654 nora
290 1593 430 1673 vocisque
451 1593 539 1654 deum
563 1591 718 1654 dulcedine
739 1601 856 1674 captum

112 1677 191 1752 „hoo
212 1677 285 1739 mihi
306 1677 465 1739 concilium
487 1680 606 1738 tecum“
629 1676 736 1739 dixisse
758 1676 944 1753 „manebitl“

110 1772 199 1842 atque
220 1762 260 1824 ita
281 1762 448 1844 disparibus
467 1762 588 1823 calamis
609 1761 768 1843 conpaginl
789 1780 872 1825 cerae

109 1847 189 1908 inter
209 1867 241 1907 se
263 1847 372 1907 iunctis
392 1865 501 1907 nomen
524 1845 655 1906 tenuisse
677 1846 803 1925 puellae.

109 1930 178 1992 talia
200 1931 335 1992 dicturus
355 1930 427 1991 vidit
448 1927 598 2008 Cyllenius
621 1948 725 1991 omnes

110 2014 303 2077 succubuisse
324 2014 428 2076 oculos
449 2015 649 2096 adopertaque
670 2015 782 2077 lumina
804 2033 918 2076 somno.

110 2099 268 2181 supprimit
290 2098 438 2180 extemplo
459 2118 561 2161 rocem
583 2101 740 2180 firmatque
761 2118 897 2180 soporem

108 2184 247 2264 languida
268 2185 458 2267 permulcens
478 2185 620 2246 medicata
642 2185 754 2246 lumina
775 2185 865 2264 virga,

108 2289 166 2332 neo
187 2288 280 2345 mora,
303 2270 409 2331 lalcato
433 2281 584 2331 nutantem
607 2270 741 2331 vulnerat
762 2289 842 2343 ense,

109 2375 167 2435 qua
190 2355 267 2416 collo
292 2366 336 2416 est
360 2357 477 2416 confine
500 2364 598 2435 caput,
621 2374 751 2436 saxoque
773 2364 927 2416 cruentum

108 2439 197 2501 deicit
219 2450 248 2500 et
269 2439 397 2501 maculat
418 2451 606 2521 praeruptam
628 2439 774 2519 sangnine
795 2458 909 2520 rupem.

107 2526 197 2603 Arge,
220 2524 306 2598 iaces,
329 2525 468 2605 quodque
488 2525 520 2585 in
543 2535 589 2584 tot
610 2525 720 2587 lumina
743 2525 841 2585 lumen
869 2523 1005 2598 habebas,

108 2609 286 2671 exstinctum
310 2621 362 2684 est,
387 2621 565 2690 centumque
587 2611 689 2672 oculos
712 2629 771 2671 nox
793 2621 917 2689 occupat
938 2627 1007 2670 una.

108 2695 226 2775 excipit·
239 2696 294 2756 hos
316 2695 503 2774 volucrisque
525 2714 597 2756 suae
619 2694 755 2756 Saturnia
778 2695 884 2775 pennis

108 2778 235 2841 collocat
257 2790 286 2839 et
308 2781 432 2858 gemmis
453 2779 575 2841 caudam
598 2779 783 2842 stellantibus
803 2778 904 2860 inplet.

107 2865 247 2945 protinus
269 2864 377 2925 exarsit
400 2883 456 2926 nec
478 2876 610 2944 tempora
633 2864 747 2927 distulit
768 2864 836 2939 irae,

108 2949 343 3029 horriferamque
364 2949 459 3011 oculis
480 2949 639 3030 animoque
662 2949 771 3012 obiecit
791 2949 901 3028 Erinyn

108 3033 212 3114 pelicis
234 3033 388 3113 Argolicae
409 3035 604 3115 stimulosque
626 3034 658 3096 in
681 3044 801 3116 pectore
822 3052 925 3095 caecos

108 3119 241 3180 condidit
262 3130 292 3180 et
313 3120 468 3198 profugam
491 3138 545 3199 per
566 3129 662 3181 totum
684 3119 789 3181 terruit
810 3118 926 3192 orbem,

108 3203 232 3265 ultimus
252 3204 390 3265 inmenso
411 3203 552 3276 restabas‚
574 3203 649 3280 Nile,
672 3203 776 3266 labori.

108 3306 197 3369 quem
219 3289 307 3350 simul
328 3307 363 3349 ac
384 3289 480 3368 tetigit
503 3288 666 3370 positisque
688 3290 719 3351 in
741 3287 874 3367 margine
895 3286 976 3367 ripae

176 3441 227 3491 694
244 3401 378 3505 ipsamque
395 3435 455 3489 nrt
506 3441 557 3492 696
574 3441 610 3501 et]
629 3437 700 3491 utu
730 3434 797 3490 ml
827 3437 894 3489 credi
911 3443 1002 3516 posset
1019 3437 1103 3516 cdd..
1129 3439 1180 3489 698

107 3522 159 3558 orn.
171 3504 197 3558 bl
249 3508 299 3558 700
314 3510 378 3573 post
393 3507 471 3559 relert
489 3508 555 3558 boec
572 3506 679 3558 addidit
688 3523 724 3558 m.
735 3522 788 3558 reo.
804 3509 833 3556 in
851 3502 880 3557 l:
899 3506 945 3556 tibi
965 3505 1061 3557 nubere
1078 3504 1183 3571 nimphe

108 3641 221 3695 uolentis
243 3640 323 3721 ¹llotis
341 3642 415 3694 crede
432 3642 474 3695 dei
537 3645 585 3694 702
598 3588 670 3696 Tibe
688 3641 714 3694 hl
767 3645 816 3721 795
834 3656 892 3692 cum
910 3641 958 3707 pn]
978 3655 1150 3708 compressam
1168 3635 1185 3691 l.

108 3713 158 3763 'lto
177 3709 313 3762 concilium
337 3711 427 3761 Heius.
466 3709 639 3764 consiliuml
678 3711 835 3778 colloquium
852 3707 878 3761 bl
901 3713 927 3758 et
949 3712 979 3759 in
1005 3723 1092 3774 marg.
1114 3724 1132 3759 a
1148 3723 1183 3758 m.

107 3774 196 3830 reci
260 3778 309 3830 tto
327 3778 434 3869 intertot
451 3783 501 3845 (tot
519 3782 597 3844 was.)
615 3778 640 3830 hl
687 3778 754 3832 inter
771 3773 865 3831 lumi.
929 3774 1184 3839 lantoniensem

97 3913 152 3960 729
164 3910 249 3961 mhrul
263 3854 408 3978 actegrllbl
441 3931 494 3983 que
511 3915 563 3967 del.
582 3913 685 3968 Merkel
