2692 4230
93 132 156 195 294
528 175 532 182 -
552 138 706 194 blE'l'llblltl.

93 310 346 393 conloquiumque
367 311 456 394 petit.
479 325 547 372 nam
569 325 603 368 se
623 319 789 372 monstrare
809 313 944 377 relictum

95 395 170 458 rebe
190 396 285 459 latens
308 396 360 471 illi,
383 394 462 476 quod
484 402 554 454 nato
576 391 722 465 redderet,
744 412 856 459 aurum

93 481 218 543 credidit
239 481 382 562 Odrysius
403 476 587 558 praedaeque
609 477 747 538 adsuetus
768 496 867 544 amore

93 564 124 627 iu
147 574 260 629 secreta
280 565 369 627 venit.
412 570 475 623 tum
497 559 605 623 blando
627 560 750 623 callidus
771 579 822 625 ore

90 641 175 713 ‘tolle
196 668 304 723 moras,
326 641 469 720 Hecuba,
490 644 564 707 dixit
581 638 631 707 ‘da
653 664 775 707 munera
797 658 877 709 nato.

93 753 183 798 omne
204 736 267 797 lore
289 731 369 793 illius
389 730 470 832 quod
492 730 554 806 das,
577 731 655 812 quod
678 738 708 793 et
728 740 796 792 ante
817 732 931 810 dedisti,

92 839 147 901 per
169 835 294 899 superos
314 806 399 876 iuro?
445 824 559 897 spectat
580 816 747 878 truculenta
769 815 937 914 loquentem

91 903 224 984 falsaque
244 901 389 961 iurantem
411 900 582 981 tumidaque
604 910 754 963 exaestuat
776 901 818 963 ira

91 998 181 1068 atque
200 987 241 1046 ita
262 995 406 1064 conrepta
429 985 608 1066 captivarum
636 985 751 1064 agmine
774 995 898 1048 matrum

92 1073 209 1134 invocat
232 1079 261 1130 et
281 1068 418 1148 digitos
410 1088 441 1131 m
464 1070 576 1149 perlida
597 1070 708 1132 lumine
730 1071 831 1131 condit

94 1154 273 1236 expellitque
295 1153 379 1232 genis
402 1152 504 1215 oculos
526 1153 609 1229 (lacit
630 1154 672 1215 ira
695 1160 857 1234 potentem)

92 1238 291 1320 inmergitque
312 1255 418 1301 manus
439 1238 613 1319 foedataque
634 1238 778 1318 sauguine
799 1239 875 1300 sonti

93 1341 155 1386 non
177 1322 288 1397 lumen,
312 1341 409 1405 neque
431 1323 510 1386 enim
532 1333 677 1405 superest,
700 1324 764 1386 loca
785 1323 905 1386 luminis
926 1325 1032 1387 haurit.

92 1408 176 1470 clade
197 1409 242 1471 sui
264 1407 412 1472 'l'bracum
433 1427 508 1488 gens
529 1408 648 1472 inritata
668 1410 784 1490 tyranni

92 1492 206 1555 Troada
227 1493 353 1556 telorum
376 1494 567 1576 lapidumque
587 1495 735 1556 incessere
755 1495 833 1557 iactu

92 1578 199 1659 coepit
244 1587 273 1641 at
294 1579 368 1641 haec
388 1580 511 1640 missum
533 1596 623 1640 rauco
646 1597 713 1640 cum
735 1596 1008 1642 murmurosorum

91 1663 241 1726 morsibus
261 1663 438 1742 insequitur,
460 1663 598 1741 rictuque
618 1662 651 1722 in
672 1661 759 1723 verba
781 1673 882 1742 parato

91 1746 215 1820 latravit,
237 1755 343 1809 conata
365 1746 457 1827 loqui.
500 1745 584 1808 locus
606 1753 698 1808 exstat
719 1756 748 1808 et
770 1764 858 1808 exre

92 1849 201 1894 nomen
224 1829 328 1892 babet.
350 1842 541 1912 veterumque
563 1831 614 1893 diu
634 1848 749 1892 memor
770 1830 817 1892 illa
840 1829 985 1892 malorum
1118 1842 1162 1894 otu

91 1927 155 1978 tum
177 1933 296 1997 quoque
318 1914 470 1979 Sithonios
492 1915 614 1978 ululavit
635 1923 745 1978 maesta
768 1934 821 1996 per
842 1933 938 1995 agros.

92 2000 172 2062 illius
192 1999 345 2080 'l'roasque
366 2018 437 2063 suos
458 2002 616 2082 hostesque
637 2000 785 2080 Pelasgos,

91 2083 172 2146 illius
192 2085 310 2147 lortuna
332 2085 404 2147 deos
426 2104 545 2166 quoque
565 2093 696 2147 moverat
717 2103 829 2160 omues,

91 2169 135 2232 sic
156 2187 270 2243 omues,
292 2177 326 2230 ut
348 2170 461 2250 etipsa
484 2170 560 2230 louis
582 2169 771 2251 coniunxque
792 2187 934 2250 sororque

92 2263 214 2316 eventus
235 2253 386 2315 Hecubam
408 2254 551 2316 meruisse
574 2255 723 2334 negaverit
743 2254 819 2316 illos
1117 2263 1161 2315 575

177 2338 243 2399 Non
266 2349 347 2401 vacat
368 2342 509 2414 Aurorae,
530 2357 707 2420 quamquam
729 2339 821 2400 isdem
843 2340 951 2401 laverat
972 2338 1070 2414 armis,

93 2421 224 2485 cladibus
246 2432 275 2484 et
297 2442 366 2485 casu
389 2423 554 2505 'l'roiaeque
576 2425 772 2506 Hecubaeque
792 2423 911 2486 moveri.

92 2526 162 2570 cura
183 2508 268 2570 deam
290 2508 414 2590 propior
434 2509 591 2589 luctusque
613 2509 791 2570 domesticus
811 2509 892 2589 augit

93 2591 261 2654 Memnonis
282 2592 392 2667 amissi,
414 2593 548 2674 Phrygiis
570 2612 657 2675 quem
680 2594 757 2655 lutea
780 2594 889 2674 campis

92 2676 163 2739 vidit
185 2676 314 2739 Achillea
337 2687 509 2758 pereuntem
533 2679 654 2758 cuspide
676 2686 777 2740 mater.

91 2761 173 2837 vidit,
195 2774 223 2822 et
244 2761 296 2822 ille
317 2762 411 2836 color,
433 2781 492 2842 quo
514 2763 660 2825 matutina
682 2763 841 2824 rubescunt

91 2856 235 2929 tempora,
256 2845 410 2926 palluerat,
432 2847 575 2928 latuitque
596 2849 627 2910 in
651 2847 780 2910 nubibus
802 2850 910 2910 aether.

91 2940 122 2994 at
143 2950 204 2993 non
225 2931 373 3012 inpositos
393 2932 540 3014 supremis
562 2932 680 3012 ignibus
701 2943 781 2995 artus

92 3016 233 3078 sustinuit
254 3027 386 3097 spectare
408 3035 525 3098 parens,
547 3019 598 3079 sed
620 3017 703 3079 crine
724 3018 831 3092 soluto,

92 3102 169 3163 sicut
191 3111 261 3176 erat,
283 3101 383 3180 magui
405 3102 532 3179 genibus
552 3102 747 3183 procumbere
769 3120 830 3164 non
852 3110 897 3163 est
1117 3109 1161 3162 565

93 3185 247 3265 dedignata
269 3185 344 3248 lovis
366 3185 553 3267 lacrimisque
574 3190 627 3251 hes
648 3187 754 3250 addere
774 3205 875 3249 uoces:

159 3405 210 3456 552
229 3402 391 3471 quantuli
459 3407 510 3459 556
527 3404 629 3457 llecubu
648 3411 674 3457 et
692 3405 756 3457 dixit
774 3409 843 3456 coni
860 3403 961 3456 llario.²
1023 3403 1159 3467 esteten}

92 3470 207 3524 tulistis
266 3473 316 3524 559
335 3487 385 3539 que
404 3471 490 3524 om.b
542 3472 732 3526 5665151551
784 3473 819 3524 ita
839 3471 924 3524 emh
987 3474 1036 3526 bbl
1054 3471 1150 3539 expilat

93 3554 177 3619 ques
236 3539 403 3606 potentemb
467 3540 595 3593 ualentem
612 3541 671 3592 edd
689 3546 751 3592 cett.
769 3539 940 3593 nocentemll
1004 3542 1054 3593 563
1071 3554 1161 3592 manus

92 3606 176 3660 oculis
199 3606 378 3676 pboedataque
402 3608 484 3660 sontis
501 3606 528 3659 bl
596 3609 678 3661 contis
702 3609 718 3660 b
787 3611 835 3662 564
854 3607 937 3660 haurit
961 3623 996 3658 ex
1017 3606 1118 3659 bauriut
1134 3605 1161 3659 ll

93 3677 144 3729 566
161 3689 212 3742 que
230 3674 317 3727 einh
369 3678 418 3729 561
437 3678 537 3739 saxum]
555 3676 650 3728 iactum
662 3675 687 3727 ll
739 3692 796 3728 cum
812 3675 923 3728 raucob
974 3677 1024 3728 566
1043 3675 1079 3738 iu]
1096 3674 1161 3732 ade

93 3744 143 3795 512
161 3743 386 3824 hostesquesuos
433 3756 494 3809 gros
510 3742 536 3796 bl
605 3746 656 3797 ott
676 3744 714 3796 sic
731 3759 819 3798 omnes
837 3744 873 3809 ut]
897 3750 923 3795 et
949 3743 1063 3795 homiues
1080 3741 1160 3796 utili

93 3812 143 3864 516
161 3810 236 3862 armis
253 3827 289 3862 en
306 3757 431 3864 annisaa
474 3815 522 3865 511
543 3827 673 3865 casum-
682 3827 785 3864 morere
801 3811 826 3863 bl
866 3744 1059 3884 lpccubeqneh
1110 3811 1160 3865 518

83 3891 133 3929 cur
146 3878 184 3931 ad
199 3876 265 3931 cab
318 3882 370 3934 519
388 3879 492 3933 admissi
511 3878 529 3931 b
581 3882 628 3934 561
649 3879 729 3945 color]
747 3881 822 3933 rubor
839 3879 864 3932 bl
