2692 4230
144 121 184 180 70
600 130 752 184 ΜΕΤΑΜΜ.
1084 147 1215 187 »suranus

143 311 249 381 sponte
270 320 324 386 sua
346 301 474 383 patuisse
494 301 572 362 fores
593 299 747 379 lapsasque
768 299 883 365 lacertis

143 396 250 466 sponte
270 406 324 450 sua
346 387 419 449 lama
441 395 486 447 est
507 382 589 445 nullo
610 383 739 444 solvente
761 395 888 449 catenas.
1169 401 1214 451 'too

227 471 343 534 Perstat
363 468 549 533 Echionides.
593 485 648 528 neo
670 468 726 528 iam
748 467 829 531 iubet
849 472 902 549 ire,
924 475 974 536 sed
998 473 1063 555 ipse
1128 535 1131 541 ,

142 557 228 629 vadit,
250 556 301 618 ubi
324 555 434 618 electus
455 550 585 613 facienda
607 553 642 612 ad
664 570 746 613 sacra
768 551 924 619 Cithaeron

142 641 277 703 cantibus
298 651 328 703 et
348 640 425 703 clarc
446 637 639 697 bacchantum
660 653 731 696 voce
751 637 881 700 sonabat

141 736 175 787 ut
196 725 294 788 fremit
314 742 382 787 acer
401 739 504 802 equus,
526 737 593 781 oum
615 719 736 781 bellicus
756 738 823 782 aere
843 740 954 788 canoro

140 811 224 890 signa
245 810 326 872 dedit
346 807 474 878 tubicen,
495 822 671 885 pugnaeque
692 805 817 867 adsumit
836 824 977 887 amorem,

140 894 272 957 Penthea
293 893 336 955 sic
357 893 433 953 ictus
454 889 551 968 longis
572 889 730 953 ululatibus
750 890 851 951 aether

139 980 241 1053 movit,
263 988 293 1039 et
313 975 413 1038 audito
435 973 562 1036 clamore
583 975 735 1038 recanduit
756 977 807 1036 ira.

140 1072 242 1125 monte
263 1063 325 1122 fere
346 1059 441 1121 medio
464 1069 518 1135 est,
539 1061 726 1140 cingentibus
747 1060 846 1123 ultima
869 1059 960 1136 silvis,

139 1165 233 1229 purus
254 1144 291 1207 ab
313 1143 476 1220 arboribus,
498 1147 664 1227 spectabilis
686 1147 815 1228 undique
836 1164 969 1228 ccmpus.

139 1232 189 1294 hio
211 1229 305 1291 oculis
327 1228 410 1291 illurn
431 1242 602 1294 cernentem
623 1251 703 1295 sacra
725 1231 857 1314 profanis

139 1315 233 1397 prima
253 1314 341 1388 videt,
363 1315 456 1397 prima
477 1327 522 1378 est
542 1318 646 1379 insano
669 1318 783 1379 concita
802 1334 904 1392 cursu,

139 1400 232 1481 prima
255 1417 341 1462 suum
362 1401 452 1464 misso
473 1402 590 1464 violavit
609 1402 738 1464 Penthea
759 1403 860 1483 thyrso

137 1495 239 1546 mater.
280 1477 334 1560 ‘io‚
356 1477 496 1566 geminae'
520 1486 653 1548 clamavit
669 1481 780 1548 ‘adeste
801 1489 935 1549 sororesl

137 1569 187 1631 ille
208 1589 289 1653 aper,
310 1571 342 1632 in
365 1572 473 1632 noetris
494 1582 572 1632 errat
593 1572 644 1650 qui
666 1570 806 1632 maximus
827 1572 916 1650 agris,

137 1654 186 1717 ille
208 1657 279 1718 milri
302 1655 451 1717 feriendus
471 1649 560 1735 aper.³
605 1654 663 1714 ruit
685 1654 782 1714 omnis
803 1655 833 1715 in
856 1674 950 1717 unum

136 1739 222 1802 turba
243 1742 360 1814 furens;
384 1749 507 1800 cunctae
528 1748 636 1799 coeunt
657 1738 861 1819 trepidumque
883 1755 1060 1822 sequuntur,

136 1826 193 1886 iam
216 1825 372 1904 trepidum,
394 1823 450 1884 iam
471 1822 560 1884 verbo
581 1822 680 1883 minus
701 1822 826 1884 violenta
848 1823 1031 1906 loquentem,

136 1909 193 1970 iam
216 1927 247 1968 se
268 1909 465 1980 damnantem,
488 1906 544 1969 iarn
566 1927 599 1969 se
619 1925 756 1989 peccasse
778 1909 927 1972 fatentem.

135 1993 252 2054 saucius
274 1992 324 2053 ille
346 2003 441 2053 tamen
460 1985 519 2054 ‘fer
539 2009 638 2073 opem,
660 1989 822 2054 matertera'
846 1995 920 2055 dixit

132 2070 297 2138 ‘tutonoet
320 2086 454 2139 moveant
475 2079 589 2139 animos
610 2078 766 2138 Actaeonis
787 2074 928 2142 umbrae?

135 2162 195 2236 illa,
217 2163 284 2243 quis
305 2167 444 2235 Actaeon,
467 2163 569 2236 nescit,
590 2163 779 2242 dextramque
802 2166 951 2244 precantis

135 2246 271 2308 abstulit:
294 2247 368 2308 lnoo
390 2246 512 2309 lacerata
535 2257 579 2309 est
600 2246 688 2309 altera
709 2260 804 2328 raptu.

135 2351 196 2393 non
219 2330 306 2393 habet
327 2330 426 2392 infelix
450 2351 524 2413 quae
545 2333 629 2393 matri
652 2331 785 2394 bracchia
810 2335 919 2407 tendat,

133 2425 238 2478 trunca
260 2417 311 2478 sed
334 2417 493 2478 ostendens
514 2417 632 2478 deiectis
653 2417 772 2480 vulnera
795 2419 944 2492 membris,

131 2493 271 2582 ‘adspice
294 2497 412 2563 materl'
436 2503 484 2563 ait.
527 2503 595 2562 visis
617 2503 736 2564 ululavit
757 2506 856 2581 Agaue

134 2586 269 2668 collaque
290 2586 405 2648 iactavit
425 2588 573 2667 movitque
594 2606 647 2667 per
668 2599 735 2649 aera
757 2589 869 2648 crinem

132 2673 324 2751 avulsumque
345 2681 435 2752 caput
456 2672 555 2751 digitis
576 2672 718 2752 conplexa
740 2673 870 2734 cruentis

133 2757 238 2819 clamat
255 2750 298 2816 ‘io
321 2757 452 2829 comites,
474 2774 550 2838 opus
571 2757 643 2818 haec
665 2758 783 2819 victoria
807 2769 941 2820 nostrum
964 2751 1035 2819 estl'

133 2860 194 2903 non
218 2841 304 2903 citius
328 2841 445 2903 frondes
467 2843 598 2904 autumni
621 2841 730 2921 frigore
750 2853 840 2905 tactas

134 2927 251 3007 iamque
272 2925 348 2988 male
369 2926 523 2989 haerentes
543 2927 600 2988 alta
622 2928 699 3007 rapit
720 2929 824 2990 arbore
845 2937 959 3000 ventus,

133 3031 219 3092 quam
243 3023 311 3072 sunt
333 3010 462 3073 membra
484 3011 537 3072 riri
560 3012 697 3074 manibus
718 3014 829 3094 direpta
852 3010 996 3074 nefandis.

130 3096 237 3157 talibus
259 3096 400 3176 exemplis
420 3097 548 3159 monitae
569 3115 643 3158 nova
664 3116 746 3159 sacra
766 3099 957 3177 frequentant

131 3188 257 3260 turaque
278 3183 350 3242 dant
370 3191 544 3262 sanctasque
564 3182 667 3243 colunt
690 3182 848 3243 lsmenides
869 3201 944 3243 aras.

285 3298 333 3306 —
568 3278 688 3347 lperstat
856 3279 974 3332 lfestus'
1063 3281 1171 3336 lfestus

199 3345 248 3396 699
266 3347 296 3396 ia
312 3343 433 3412 morg.l
501 3350 547 3399 tot
575 3353 673 3415 spectat
708 3366 721 3398 e
788 3351 837 3400 tut
873 3348 973 3400 electus
991 3347 1017 3399 Μ
1070 3349 1153 3403 flexus
1189 3368 1203 3400 e

130 3414 178 3464 tot
197 3413 275 3464 ried
345 3417 395 3466 708
418 3415 444 3466 in
467 3414 550 3467 medio
575 3411 591 3466 i.
659 3419 708 3469 tot
726 3431 803 3483 purus
820 3415 845 3467 Μ
916 3419 965 3468 tlt
989 3424 1071 3470 meter
1088 3423 1151 3470 eto
1176 3416 1202 3469 Μ

128 3533 179 3583 '114
191 3495 328 3583 “cintii
390 3535 531 3586 716ch
582 3539 740 3601 cunctaeque
757 3549 842 3601 sequ
903 3538 949 3588 ott
971 3540 1045 3587 acteo
1063 3534 1089 3587 Μ
1151 3538 1201 3589 tat

128 3681 244 3734 disiectis
266 3683 342 3736 codd.
359 3700 440 3738 noun.
458 3687 562 3738 Hetned
628 3617 798 3756 7²5ququ
822 3707 837 3744 c
907 3689 958 3742 tto
982 3688 1132 3758 crinemque
1154 3703 1202 3758 per

128 3764 188 3804 sera
206 3750 318 3804 monite
368 3756 417 3807 tat
435 3753 484 3806 ltoc
501 3755 522 3805 Α
539 3754 567 3818 (h
584 3757 604 3807 t.
620 3772 644 3806 e.
661 3753 697 3820 Μ)
731 3755 823 3809 haece
869 3762 957 3809 nestra
974 3755 999 3807 Μ
1065 3759 1116 3812 'tto
1132 3757 1202 3825 rapit

128 3820 153 3880 fa
172 3834 207 3869 eac
226 3821 252 3884 u)
269 3818 294 3870 Μ
358 3820 467 3888 Explicit
485 3821 686 3876 liber-tercius·
700 3829 805 3891 quartus
821 3824 912 3893 incipit
929 3821 945 3877 l.
979 3824 1045 3877 liber
1062 3830 1170 3894 quartus
1188 3843 1202 3876 e

561 3983 767 3997 m
