2692 4230
131 123 296 164 erminonis
560 106 615 174 XV,
632 68 776 163 att-sssst.

132 281 194 343 sive
215 281 293 344 leves
315 281 382 342 imis
402 278 483 341 renti
504 279 685 344 cohibentur
706 281 742 343 in'
759 279 853 344 antris
965 309 968 315 ·

132 384 259 448 saraque
280 383 348 428 oum
371 363 448 426 saxis
470 373 499 426 et
520 365 681 429 habentem
700 367 814 429 semina
836 366 972 427 dammae

110 525 113 531 ¹
132 452 284 514 materiam
306 453 423 519 iactant,
445 467 479 512 ea
501 452 633 533 concipit
656 451 765 514 iotibus
784 451 897 531 ignem,

130 545 216 598 antra
237 535 445 613 relinquentur
466 536 576 598 sedatis
596 536 702 615 frigida
723 537 828 610 ventis,

132 620 192 682 sire
213 617 392 680 bitumineae
413 619 535 701 rapiunt
555 621 692 683 incendia
713 620 790 681 vires
889 670 893 676 Δ
940 668 943 675 .

132 700 249 767 luteave
266 702 380 781 exiguis
400 705 561 766 ardescunt
581 704 726 785 sulphura
746 704 848 776 tumis,

133 806 239 868 nempe
260 786 311 848 ubi
336 797 413 850 terra
435 789 518 850 eibos
539 789 739 868 alimentaque
762 787 884 868 pinguia
906 789 1040 851 {lammae

132 892 193 935 uon
215 871 297 934 dabit
317 873 482 955 absumptis
503 891 558 952 per
579 874 702 950 longum
724 871 837 934 viribus
857 890 961 934 aetum

133 967 313 1038 naturaeque
335 976 421 1020 sunm
446 956 598 1018 nutrimen
620 958 711 1019 deerit
734 957 826 1031 edaci,

132 1060 193 1103 non
215 1043 290 1104 leret
311 1043 360 1105 illa
382 1043 488 1103 famem
511 1043 686 1122 desertaque
707 1042 825 1105 deseret
845 1042 940 1121 ignes.

133 1146 197 1189 esse
217 1129 295 1189 viros
316 1127 394 1188 lama
416 1136 460 1188 est
481 1127 513 1189 in
536 1127 728 1209 Hyperborea
750 1127 881 1202 Pallene,

132 1214 182 1293 qui
204 1212 318 1275 soleant
339 1210 453 1273 levibus
473 1211 562 1274 velari
584 1230 711 1293 corpora
734 1213 854 1294 plumis,
879 1253 881 1259 ,

132 1315 199 1359 oum
221 1296 421 1359 Tritoniacam
444 1297 568 1359 noviens
589 1297 708 1360 subiere
729 1296 879 1378 paludem.

131 1381 208 1442 baud
230 1381 365 1462 equidem
388 1382 489 1455 oredo,
511 1400 631 1463 sparsae
654 1399 775 1462 quoqne
796 1381 929 1444 membra
952 1380 1074 1442 venenis

132 1484 267 1528 exercere
288 1476 367 1528 artes
389 1465 543 1545 Soqtbides
564 1476 767 1528 memorantur
788 1467 914 1528 easdem.

130 1551 214 1631 siqua
236 1551 309 1612 fides
331 1549 421 1612 rebus
443 1559 540 1613 tamen
564 1561 610 1613 est
631 1552 763 1614 addenda
785 1551 929 1632 probatis,

132 1655 232 1698 nonne
254 1636 342 1708 vides,
366 1653 572 1717 quaecumque
593 1654 678 1698 mora
693 1636 826 1699 -ssuidove
847 1636 955 1699 calore

132 1737 258 1801 corpora
281 1719 441 1796 tabuerint,
463 1721 495 1782 in
518 1739 607 1803 parra
629 1721 766 1784 animalia
787 1719 884 1783 verti?

134 1805 153 1879 i,
176 1805 281 1867 scrobe
302 1805 415 1867 deiecto
438 1815 582 1868 maotatos
603 1805 698 1869 obrue
719 1814 854 1867 tauros:-

130 1889 263 1969 (oognita
285 1909 333 1953 res
354 1892 423 1967 usu)
445 1891 482 1953 do
504 1890 584 1973 putri
605 1892 718 1953 viscere
740 1891 850 1972 passim

131 1975 281 2054 llorilegae
303 1985 469 2038 nascuntur
489 1993 571 2056 apes,
594 1994 670 2056 quae
692 1993 775 2038 moro
797 1985 955 2057 parentum

130 2079 199 2122 rura
221 2059 324 2121 oolunt
344 2060 491 2141 operique
512 2061 611 2123 favent
633 2061 664 2122 in
686 2079 831 2142 spemque
852 2059 997 2123 laborant.

131 2162 251 2226 pressus
273 2145 364 2206 bumo
387 2144 513 2207 bellator
534 2165 631 2226 equus
652 2147 807 2209 crabronis
828 2145 914 2226 origo
937 2153 995 2207 este

129 2247 257 2292 concava
279 2229 384 2291 litoreo
407 2230 433 2292 si
455 2231 556 2293 demas
577 2231 715 2294 braoobia
736 2249 857 2308 canoro,
905 2270 908 2277 ι

130 2325 224 2376 cetera
247 2333 399 2395 supponas
420 2325 527 2386 terrae,
548 2315 585 2376 de
608 2325 692 2397 parte
713 2316 830 2395 sepulta

130 2399 266 2480 scorpius
288 2399 378 2461 exibit
400 2401 551 2481 caudaque
573 2398 736 2461 minabitur
760 2418 848 2462 unca.

130 2502 264 2565 quaeque
286 2484 384 2545 solent
405 2485 488 2547 oanis
508 2485 630 2547 frondes
651 2485 784 2546 intexere
806 2483 865 2547 ntis

130 2579 259 2648 agrestes
281 2569 387 2642 tineae,
410 2589 458 2631 res
480 2569 631 2631 observata
653 2569 779 2642 colonis,

129 2654 212 2714 ierali
235 2664 350 2716 mutant
371 2672 440 2716 oum
463 2655 615 2736 papilione
637 2655 772 2735 figuram.

129 2739 242 2799 semina
263 2737 351 2799 limos
372 2739 462 2801 babet
482 2739 590 2802 virides
612 2739 784 2817 generantia
807 2756 905 2810 ranas,

130 2833 159 2884 et
181 2833 303 2902 generat
324 2834 444 2886 trunoas
467 2824 602 2906 pedibus,
624 2842 693 2886 mox
713 2835 782 2905 apta
806 2823 933 2886 natando

130 2926 216 2969 crura
239 2909 296 2981 dat,
319 2917 411 2989 utque
434 2910 534 2971 eadem
557 2911 619 2972 sint
638 2908 882 2988 lougisysaltibns
903 2917 981 2989 apta,

130 2993 278 3072 posterior
299 3004 420 3074 superat
440 3004 540 3074 partes
561 3012 701 3056 mensura
724 2995 849 3076 priores.

131 3076 334 3151 neomutus,
357 3088 444 3159 partu
468 3097 554 3159 quem
578 3079 705 3142 reddidit
726 3098 795 3141 ursa
817 3078 941 3151 receuti,

130 3164 180 3223 sed
202 3163 278 3224 male
300 3163 361 3225 riva
383 3181 452 3225 earo
475 3174 530 3225 est.
575 3164 732 3227 lambendo
755 3173 850 3226 mater
871 3163 901 3225 in
925 3171 1006 3224 artus
1165 3167 1208 3218 ato

130 3247 214 3326 tingit
236 3258 265 3309 et
287 3249 317 3308 in
342 3250 476 3321 sormam,
499 3259 641 3329 quantam
663 3251 742 3331 capit
765 3250 838 3331 ipsa,
861 3248 985 3310 reducit.

198 3400 248 3451 346
272 3400 403 3452 materiem
427 3399 486 3452 edd.
504 3401 537 3451 nd
556 3401 647 3452 Heius.
715 3402 764 3452 351
790 3399 864 3464 ium]
886 3394 1030 3450 llammisb
1097 3395 1208 3473 135385-

131 3466 273 3545 sumptisb
333 3469 383 3520 358
403 3467 543 3522 noviense
604 3469 655 3520 359
673 3482 774 3519 ueneno
792 3467 869 3519 codd.
889 3471 950 3517 nott.
1015 3465 1064 3516 360
1083 3458 1207 3514 sttrdesb

130 3533 269 3613 scytrdesa
315 3535 542 3615 aotnssutdoqnee
590 3535 933 3635 ilpidpseresto'tnitlleim.
981 3534 1030 3586 363
1045 3527 1208 3647 tabesprpngeb

129 3603 456 3735 {issuldunum
473 3604 800 3724 ttltttuttttt
817 3599 1206 3735 nltf‘l’tlltglttne

129 3739 199 3787 coni.
212 3737 391 3805 Caperei-reus
441 3738 458 3803 i,
477 3740 568 3791 scrobe
585 3739 686 3792 deiecto
699 3739 892 3805 eoni.bladt·r‘g
945 3741 994 3790 :tos
1013 3734 1104 3787 sisnb
1157 3734 1207 3784 368

129 3813 231 3907 bum&
282 3860 331 3911 3ῖῖ
350 3874 400 3925 que
418 3873 470 3910 om.
488 3857 503 3908 b
558 3860 607 3910 utu
628 3864 714 3926 partes
731 3865 872 3926 superata
