2692 4230
110 153 174 218 260
569 161 723 217 multat
1000 179 1080 220 sucu.
1108 180 1177 219 rm

110 332 297 398 Thestorides
320 336 510 414 „vincemus“
533 333 584 404 ait,
607 330 761 409 „gaudete
782 333 906 414 Pelasgi.

110 417 198 481 'l'roia
219 421 317 483 cadet:
338 420 390 483 sed
412 417 468 481 erit
489 414 583 478 nostri
603 430 685 474 mora
707 412 795 497 longa
817 418 944 481 lahoris“
1037 423 1040 428 ’
1147 426 1177 479 tu

110 514 198 585 atque
220 523 325 567 uorem
345 501 481 564 volucres
502 500 532 560 in
554 496 626 560 belli
647 496 755 577 digerit
775 519 879 565 annas

110 587 170 662 ille,
192 597 225 650 ut
247 598 317 661 erat,
337 585 446 648 viridas
467 581 620 664 amplexus
640 582 672 643 in
693 581 799 644 arbore
820 603 918 649 nuans

111 673 145 734 dt
165 671 241 753 lapis
263 682 292 734 et
311 677 432 750 superat
451 667 599 748 serpentis
620 666 748 745 imagine
768 686 880 731 saxum.

195 756 353 817 Permanet
372 750 476 813 Aoniis
495 751 609 815 Nereus
629 751 775 813 violentus
797 751 827 812 in
849 756 938 817 undis

112 839 246 920 bellaque
268 855 330 900 nnn
351 836 503 912 transiert3
527 847 558 899 et
577 846 647 901 sunt
668 835 719 918 qui
741 854 862 916 parcere
882 837 987 903 Troiae

112 925 281 1005 Neptunum
303 920 434 997 credant,
457 923 524 1003 quia
545 923 662 985 moenia
684 923 793 982 lecerat
813 920 905 983 urbis.

112 1017 143 1071 at
164 1024 225 1068 nou
247 1004 445 1068 Thestorides.
488 1026 544 1069 nec
565 1007 644 1070 euim
666 1005 795 1068 nescitve
817 1013 928 1069 tacetve

113 1089 257 1169 sanguine
278 1089 410 1170 virgineo
430 1091 600 1173 placandam
621 1091 743 1172 virginis
764 1090 836 1151 iram

114 1191 178 1236 esse
200 1173 280 1235 deae.
322 1185 478 1257 postquam
501 1178 638 1258 pietatem
661 1175 779 1258 publica
802 1193 887 1236 eausa

113 1276 224 1338 rexque
244 1267 356 1340 patrem
376 1260 445 1323 vicit
466 1272 637 1344 castumque
659 1262 760 1323 datura
782 1276 917 1322 cruorem

113 1342 253 1404 flentibus
274 1355 342 1406 ante
362 1363 443 1406 aram
465 1347 545 1408 stetit
565 1346 716 1428 Iphigenia
738 1344 891 1417 ministris,

112 1425 188 1488 ricta
210 1427 263 1490 dea
285 1439 330 1490 est
353 1428 521 1511 nubemque
543 1430 638 1492 oculis
658 1429 766 1492 obiecit
787 1440 815 1491 et
836 1429 914 1491 inter

115 1510 245 1573 cilicium
266 1512 441 1593 turbamque
462 1514 536 1576 sacri
557 1532 704 1592 rccesque
723 1522 898 1594 precantum

114 1597 266 1678 supposita
288 1596 382 1658 lemur
403 1606 531 1658 mutasse
552 1597 705 1677 Mycenida
727 1615 820 1658 cerva.

116 1699 186 1760 ergo
207 1680 269 1754 ubi,
292 1697 348 1759 qua
371 1680 478 1754 decuit,
499 1679 589 1742 lenita
612 1687 657 1741 est
678 1680 766 1741 mede
786 1679 888 1754 Biana,

116 1775 145 1827 et
165 1764 276 1845 pariter
296 1762 441 1840 Phoebes,
462 1765 573 1846 pariter
594 1763 684 1826 maris
705 1764 747 1826 ira
769 1765 899 1838 recessit,

117 1848 266 1929 accipiunt
287 1858 428 1910 ventosa
450 1859 535 1929 tergo
556 1849 638 1911 mille
659 1848 776 1911 carinae

25 1939 28 1944 ’
117 1933 266 2015 multaque
287 1951 444 2014 perpessae
465 1933 590 2014 Phrygia
612 1933 767 2015 potiuntur
786 1933 906 1995 harena.

203 2016 281 2079 Orbe
302 2017 386 2079 lucus
407 2017 504 2079 medin
527 2026 573 2079 est
594 2017 672 2079 inter
693 2028 843 2097 terrasque
865 2017 1030 2099 fretumque

118 2102 315 2183 caelestesque
336 2100 447 2182 plagas,
468 2101 593 2183 triplicis
615 2101 743 2164 confinia
764 2100 878 2174 mundi,

118 2187 197 2248 nude
219 2186 297 2266 quod
320 2195 365 2247 est
387 2204 521 2267 usquam,
544 2187 677 2266 quamvis
697 2185 869 2265 regionibus
889 2184 976 2260 absit,

119 2269 284 2351 inspicitur,
306 2281 499 2352 penetratque
520 2289 603 2332 caras
623 2289 679 2332 vox
702 2269 798 2332 omnis
819 2271 856 2331 ad
876 2289 972 2332 aures

119 2355 208 2417 Fama
230 2363 310 2417 tenet
333 2372 506 2435 summaque
527 2356 647 2417 domum
669 2354 725 2417 sihi
748 2354 819 2434 legit
841 2354 871 2415 in
894 2373 962 2418 arce

119 2440 353 2520 innumerusque
374 2440 469 2501 aditus
490 2459 524 2501 ac
546 2439 626 2502 mille
648 2439 790 2502 foramina
811 2440 897 2501 tectis

119 2524 230 2586 addidit
252 2534 281 2586 et
303 2523 394 2585 nullis
415 2524 534 2586 inclusit
556 2525 657 2586 limina
680 2524 786 2606 portis.

120 2618 207 2670 uncte
229 2608 335 2690 dieque
357 2619 445 2689 patet.
488 2618 548 2670 tota
571 2619 616 2671 est
638 2627 672 2670 ex
694 2627 762 2671 aere
782 2609 911 2683 sonanti,

121 2703 181 2755 tota
203 2694 299 2755 tremit
319 2711 465 2774 roresque
486 2695 576 2755 relert
598 2694 742 2773 iteratque
765 2694 843 2774 quud
864 2693 955 2754 audit.

121 2777 202 2840 nulla
226 2779 309 2858 quies
330 2778 411 2839 intus
433 2777 572 2859 nullaque
593 2778 711 2840 silentia
733 2786 826 2860 parte.

122 2881 177 2926 nec
199 2872 296 2923 tamen
318 2871 363 2923 est
384 2861 504 2939 clamor,
526 2863 576 2924 sed
599 2873 711 2944 parvae¹
725 2880 875 2924 murmura
896 2862 986 2936 rucis,

123 2945 217 3028 qualia
239 2947 275 3008 de
297 2945 403 3027 pelagi,
426 2947 519 3028 siquis
540 2946 646 3028 procul
666 2946 775 3021 audiat,
798 2947 885 3008 undis

122 3051 186 3094 esse
208 3031 314 3105 solent,
338 3031 487 3111 qualemve
509 3050 626 3107 sonum,
648 3050 715 3093 cum
737 3030 871 3112 luppiter
892 3041 968 3092 atras

122 3116 269 3197 increpuit
290 3116 395 3185 nubes,
417 3126 543 3177 extrema
565 3117 693 3178 tonitrua
715 3115 851 3178 reddunt.

122 3201 193 3263 atria
217 3201 301 3262 turba
324 3211 419 3262 tenet:
442 3202 576 3274 veniunt,
598 3200 660 3262 leva
681 3201 795 3280 vulgus,
818 3209 950 3280 euntque

84 3306 90 3318 ·
123 3287 271 3366 mixtaque
293 3302 360 3346 eum
382 3285 457 3346 reris
479 3286 587 3366 passim
611 3295 776 3347 commenta
798 3295 942 3364 vagantur

123 3369 202 3431 milia
225 3388 376 3431 rumorum
398 3371 580 3451 confusaque
602 3370 688 3432 rerba
709 3369 852 3432 volutant.
1158 3377 1187 3427 55

192 3554 222 3605 21
242 3551 376 3618 digeretC
445 3553 664 3608 taeterrima
732 3557 760 3603 et
777 3557 881 3620 superat
902 3554 972 3603 coni.
988 3549 1089 3603 Merkel
1155 3552 1188 3602 26

124 3620 194 3672 urbis
218 3636 287 3672 carr.
304 3637 340 3671 aa·
361 3621 417 3672 urbi
434 3621 459 3672 ,ll
528 3622 583 3674 urbi
601 3621 690 3672 liciae
758 3622 789 3672 ut
815 3622 875 3683 uon]
900 3617 1002 3671 uumll
1070 3632 1186 3684 nequer

125 3691 158 3741 30
175 3688 307 3754 resqucA
370 3689 481 3746 vincite
550 3694 580 3742 34
601 3686 743 3754 ellgeuall
807 3686 972 3754 ephigeniae
1035 3682 1189 3755 yphineial

125 3759 157 3806 36
176 3754 311 3823 plroebiltl
364 3760 397 3808 tu
415 3758 508 3825 triptici
527 3754 559 3810 2¹
577 3763 600 3820 (s
618 3757 679 3807 cdd.
696 3753 771 3818 m.2)
822 3759 852 3808 41
874 3759 913 3806 est
931 3771 1012 3806 artua
1062 3757 1095 3807 42
1113 3769 1189 3822 peue-

125 3820 278 3942 trautqqel
328 3828 361 3878 44
380 3825 515 3878 luminali
568 3830 602 3880 46
619 3827 686 3888 aere]
703 3824 798 3876 aureC
850 3827 883 3876 53
903 3821 1019 3890 tpprrall
1071 3825 1104 3876 dl
1121 3837 1189 3874 cern·

124 3898 193 3944 meta
