2692 4230
131 133 267 172 amasos
494 114 513 180 1,
532 116 673 167 tos—tto.
708 113 736 168 ll.
758 117 846 168 t-tt.

133 299 211 353 terra
233 291 313 352 viros
335 288 484 364 urbesque
505 284 580 362 gerit
602 284 746 367 silvasque
775 287 909 366 serasque

132 376 317 457 fluminaque
338 382 368 434 et
389 371 533 451 nymphas
555 382 585 432 et
604 381 700 434 cetera
723 373 842 434 numina
871 371 959 433 roris.

132 463 206 525 haec
228 453 469 541 superinposita
491 466 535 517 est
555 456 627 519 eaeli
649 456 787 536 luigentis
809 458 905 536 imago

132 547 278 627 signaque
300 560 351 602 sex
372 538 487 601 loribus
507 541 617 604 dextris
637 541 817 621 totidemque
839 541 975 604 sinistris.

133 651 193 713 quo
216 626 304 690 simul
326 624 437 687 adcliro
460 623 626 706 Clymeneia
648 625 740 687 limite
762 627 860 706 proles

132 714 212 777 venit
235 721 263 773 et
285 710 404 771 intravit
425 709 549 774 dubitati
571 721 645 772 tecta
668 713 807 790 parentis,

133 797 273 881 protinus
294 795 330 856 ad
353 795 464 876 patrios
484 815 537 859 sua
560 796 617 857 lert
638 795 755 873 vestigia
778 796 873 859 vultus

133 881 329 960 consistitque
352 882 471 961 procul:
495 899 591 962 neque
615 878 693 940 enim
716 881 854 960 propiora
877 881 990 943 serebat

132 967 254 1030 lumina.
298 984 447 1047 purpurea
468 965 578 1028 velatus
599 973 676 1025 reste
698 965 816 1026 sedebat

132 1054 163 1114 in
187 1051 263 1113 solio
285 1050 423 1114 Phoebus
444 1050 532 1114 claris
552 1048 668 1111 lucente
690 1051 858 1128 smaragdis.

132 1157 150 1200 a
172 1138 272 1199 dextra
295 1136 433 1218 laevaque
454 1135 523 1197 Dies
545 1144 574 1196 et
594 1133 703 1197 Mensis
724 1147 753 1197 et
773 1139 878 1196 Annus

133 1222 318 1304 Saeculaque
339 1232 369 1284 et
390 1221 502 1302 positae
523 1219 625 1300 spatiis
645 1219 816 1300 aequalibus
838 1221 936 1283 Horae

133 1308 250 1390 Verque
273 1325 380 1370 novum
403 1305 498 1367 stabat
519 1305 648 1367 cinctum
670 1305 796 1367 florente
817 1324 937 1380 corona,

133 1394 229 1456 stabat
251 1393 329 1455 nuda
351 1394 455 1452 lesus
477 1400 507 1452 et
527 1390 626 1471 spicea
646 1401 723 1452 serta
745 1389 874 1469 gerebat,

133 1480 227 1542 stabat
249 1489 279 1538 et
300 1480 480 1551 Autumnus,
502 1475 619 1538 calcatis
640 1475 775 1536 sordidus
798 1476 870 1548 ovis,

133 1574 163 1627 et
184 1561 315 1642 glacialis
336 1560 448 1634 Hiems,
471 1579 562 1623 canos
582 1559 691 1621 hirsuta
717 1558 848 1640 capillos.

133 1648 202 1710 inde
226 1648 292 1709 loco
316 1646 431 1708 medius
451 1663 549 1708 rerum
573 1644 698 1707 novitate
720 1655 872 1726 parentem

133 1732 184 1794 Sol
206 1731 301 1795 oculis
323 1731 470 1804 iuvenem,
493 1731 601 1812 quibus
621 1730 724 1811 aspicit
746 1730 854 1805 omnia,
876 1730 947 1792 ridit

130 1811 226 1900 ‘quae’
252 1836 310 1899 que
328 1809 405 1878 ‘riae
427 1816 480 1878 tibi
503 1814 611 1877 causa?
632 1816 701 1896 quid
724 1810 786 1878 bac'
809 1816 851 1878 ait
869 1809 951 1879 ‘arce
973 1816 1082 1898 petisti,

133 1903 300 1984 progenies,
324 1901 490 1977 Phaethon,
512 1901 588 1964 baud
610 1901 759 1963 infitianda
782 1897 928 1983 parentii'

132 1989 181 2051 ille
203 1990 294 2052 relert
312 1979 345 2048 ‘o
368 1988 418 2049 lox
440 1987 565 2049 inmensi
587 1986 703 2069 publica
724 1987 838 2061 mundi,

133 2074 251 2137 Phoebe
274 2084 368 2154 pater,
390 2074 415 2134 si
438 2074 490 2135 das
511 2091 597 2134 neom
619 2072 689 2134 mibi
714 2071 842 2133 nominis
863 2071 952 2133 huius

133 2179 189 2222 nec
211 2160 281 2221 laisa
304 2159 445 2239 Clymene
466 2156 581 2239 culpam
604 2156 659 2218 sub
681 2156 808 2236 imagine
830 2155 914 2226 celat,

131 2246 257 2327 pignora
279 2244 326 2316 da,
348 2242 475 2322 genitor,
497 2260 550 2323 per
572 2260 647 2323 quae
668 2251 715 2304 tua
737 2261 802 2304 vera
825 2260 957 2322 propago

132 2331 245 2404 credar,
267 2338 297 2390 et
319 2330 401 2390 hunc
421 2327 528 2390 animis
549 2345 677 2390 errorem
700 2328 820 2389 detrahe
843 2320 970 2388 nostris?

132 2415 259 2478 dixerat:
281 2425 312 2476 at
331 2413 449 2494 genitor
471 2413 582 2476 circum
611 2423 700 2495 capnt
720 2430 808 2475 omne
829 2411 971 2475 micantes
1177 2425 1207 2475 to

133 2500 271 2581 deposuit
290 2500 389 2561 radios
410 2498 593 2580 propiusque
614 2498 751 2560 accedere
777 2499 876 2570 iussit;

131 2585 329 2668 amplexuque
350 2585 418 2648 dato
437 2578 508 2646 ‘nec
529 2595 560 2646 tu
582 2602 665 2644 meus
685 2602 749 2644 esse
772 2583 870 2661 negari

132 2671 241 2751 dignus
263 2688 306 2744 es,
328 2680 358 2732 et
379 2670 519 2750 Clymene
540 2663 633 2730 veros'
656 2667 696 2729 ait
713 2662 934 2730 ‘edidit-ortos.

132 2775 252 2839 quoque
274 2756 373 2818 minus
395 2754 521 2826 dubites,
543 2753 666 2834 quodvis
688 2763 754 2834 pete
776 2771 894 2827 mouns,
917 2763 950 2815 ut
979 2752 1049 2815 illud

132 2861 179 2904 me
202 2842 350 2904 tribuente
372 2841 458 2901 ieras.
504 2839 655 2920 promissis
675 2839 758 2900 testis
780 2838 878 2899 adesto
1177 2850 1206 2900 ts

131 2929 177 2989 dis
198 2928 320 2989 iuranda
343 2925 438 3007 palus,
459 2925 553 2986 oculis
575 2924 723 3002 incognita
746 2919 872 2984 nostris?

131 3013 177 3073 rix
199 3012 277 3074 bene
299 3011 436 3086 desierat,
464 3029 568 3072 currus
589 3020 672 3088 rogat
694 3007 742 3070 ille
765 3019 902 3090 paternos

132 3097 223 3178 inque
245 3098 322 3159 diem
344 3096 492 3178 alipedum
514 3096 561 3157 ius
582 3106 610 3156 et
631 3095 817 3156 moderamen
844 3112 998 3174 equorum.

132 3183 279 3263 paenituit
300 3183 412 3243 iurasse
435 3192 556 3262 patrem.
600 3180 650 3260 qui
672 3191 774 3259 terque
796 3190 959 3260 quaterque

131 3268 306 3330 concutiens
327 3267 452 3328 inlustre
474 3276 563 3345 caput
579 3260 752 3327 ‘temeraria'
776 3266 848 3325 dixit

129 3346 197 3416 ‘rox
218 3371 284 3414 mea
306 3353 380 3413 lacta
403 3363 452 3413 tua
475 3362 528 3412 est.
571 3353 682 3412 utinam
704 3351 846 3431 promissa
869 3350 972 3411 liceret

133 3457 193 3500 non
216 3437 302 3499 darei
325 3439 479 3511 confiteor,
501 3436 596 3497 solum
618 3438 675 3498 hnc
697 3435 760 3508 tibi,
784 3444 859 3507 nate,
883 3453 1031 3514 negarem.

202 3618 576 3676 l9simulaeelirobl'a‘.r.l
611 3618 836 3684 limitelliminall
892 3616 1075 3671 lodobitatil
1129 3621 1204 3671 ibat

132 3690 262 3744 dextrali
298 3690 330 3743 ad
349 3691 463 3742 dextram
482 3689 564 3740 levam
585 3705 616 3741 ue
634 3688 688 3741 dies
705 3689 789 3741 stabat
808 3684 867 3740 etl
928 3690 960 3741 28
980 3683 1113 3740 serebatl
1172 3689 1205 3740 30

132 3760 232 3828 hiemps
249 3759 274 3811 bl
309 3752 445 3826 hiempsl
497 3759 529 3810 34
548 3706 680 3810 inicienda
698 3758 731 3821 (ia
750 3761 768 3808 ι’.
785 3760 818 3821 r.)
837 3754 860 3807 bl
888 3753 1060 3808 inliciendal
1107 3757 1140 3808 36
1159 3754 1205 3807 das

132 3879 207 3932 buius
223 3879 285 3931 milti
304 3878 416 3932 nominis
435 3892 508 3929 osum
527 3878 649 3928 Heinsius
717 3879 746 3928 37
773 3857 886 3944 clymei'e
904 3874 930 3926 bl
1000 3880 1033 3929 tt
1052 3889 1104 3941 que
1121 3869 1207 3925 omi.
