2692 4230
94 119 155 183 186
534 116 706 181 'meum
882 141 1008 181 emano!
1025 141 1164 191 ansanus

94 296 161 361 talia
182 306 246 362 tum
268 299 383 382 placido
407 296 563 362 Saturnius
585 293 676 357 edidit
696 312 767 359 ore:

95 382 212 460 „dicite
234 385 311 448 iuste
331 402 421 447 senex
443 393 473 443 et
493 377 602 440 lomina
625 378 752 459 coniuge
776 382 853 446 iusto

93 468 191 549 digna,
213 470 282 551 quid
304 467 443 550 optetis.“
491 480 559 524 cum
581 461 709 525 Baucide
730 483 821 544 pauca
843 469 958 532 locutus
1119 476 1163 528 'tto
1274 460 1280 470 ’

94 553 235 617 iudicium
258 553 374 634 superis
395 547 491 630 aperit
511 564 671 608 commune
692 547 861 614 Philemon:

94 657 179 716 „esse
201 637 368 701 sacerdotes
389 630 569 712 delubraque
591 642 686 694 vestm
707 633 783 694 tueri

93 723 264 804 poscimus3
288 728 317 781 et
338 716 480 798 quoniam
502 717 665 780 concordes
687 716 800 796 egimus
820 737 925 794 annos,

93 808 206 870 tulerat
227 808 297 868 horu
321 803 396 863 duos
418 800 529 874 eadem,
552 821 609 865 nec
630 801 766 880 coniugis
789 820 926 884 umquam

93 890 178 954 busta
200 906 282 950 meae
302 885 426 961 videam,
448 904 506 948 neu
529 886 585 949 sim
607 886 796 950 tumulandus
816 887 852 948 ab
874 887 952 950 illa.“
1121 896 1164 949 'tlt

178 974 250 1033 Vota
272 971 345 1033 fides
367 971 509 1052 sequitur.
554 973 657 1055 templi
678 972 769 1036 tutela
789 971 882 1047 luere,

93 1059 188 1121 donec
210 1056 267 1117 vito
288 1054 356 1117 data
378 1067 431 1118 est
474 1057 561 1120 annis
582 1076 712 1138 aevoque
732 1056 822 1120 soluti

93 1151 163 1204 ante
184 1139 291 1220 gradus
312 1158 413 1203 sacros
434 1159 504 1205 oum
525 1152 639 1205 starent
660 1144 736 1206 lorte
761 1141 878 1222 locique

94 1233 249 1288 narrarent
269 1243 365 1300 cures,
388 1227 526 1289 lrondere
547 1227 720 1290 Philemona
746 1228 860 1302 Baucis,

85 1309 220 1380 ¹Baucida
243 1311 399 1393 conspexit
419 1313 520 1374 senior
543 1313 680 1375 frondere
702 1312 865 1375 Philemon.

228 1395 946 1562 striatrstertimurullutffl

92 1556 124 1625 ‘o
148 1557 286 1628 coniunx'
312 1565 412 1627 dixere
433 1565 533 1636 simul,
554 1563 643 1625 simul
665 1563 761 1627 abdita
784 1567 854 1626 texit

8 1677 17 1695 r
94 1668 145 1712 ora
168 1650 274 1713 lrutex.
318 1649 447 1710 ostendit
468 1648 564 1710 adhuc
586 1647 780 1728 Thymbreius
801 1648 861 1710 illic

93 1735 190 1797 incola
212 1734 249 1796 de
270 1733 389 1813 gemino
410 1732 524 1794 vicinos
546 1750 672 1814 corpore
697 1742 828 1795 truncos

177 1818 257 1880 llaec
277 1817 350 1879 milri
373 1835 434 1880 non
456 1818 532 1892 rani,
554 1836 653 1899 neque
674 1826 736 1880 erat
756 1837 810 1881 cur
829 1816 929 1880 fallere
948 1815 1066 1891 vellent,

93 1920 248 1965 narravere
270 1920 366 1964 senes.
410 1902 547 1982 equidem
568 1903 729 1983 pendentia
752 1903 811 1964 ridi

93 1999 169 2050 serta
191 2005 282 2068 super
303 2004 411 2059 ramos,
434 2006 611 2068 ponensque
631 1987 761 2050 recentia
782 1987 842 2049 dixi

94 2090 185 2149 „cura
207 2072 294 2134 deum
316 2072 346 2133 di
370 2073 440 2145 sint,
463 2072 566 2153 etqui
589 2072 717 2147 coluere,
739 2072 902 2134 colantur.“

177 2156 319 2231 Desierat,
341 2167 524 2238 cunctosque
547 2165 578 2218 et
598 2176 647 2219 res
668 2166 699 2218 et
719 2165 847 2220 moverat
871 2165 983 2232 auctor,

94 2241 206 2304 Thesea
228 2242 398 2322 praecipue.
442 2260 530 2323 quern
553 2243 629 2303 lacta
651 2241 752 2303 audire
772 2241 918 2303 volentem

94 2325 167 2388 mira
188 2326 287 2402 deum,
309 2326 430 2388 innixus
451 2327 552 2388 cubito
576 2326 753 2406 Calydonius
778 2326 871 2389 amnis

95 2409 201 2473 talibus
223 2410 412 2492 adloquitur:
431 2405 524 2486 ‘sunt,
546 2430 565 2472 o
588 2411 759 2486 fortissime,
780 2429 905 2493 quorum

93 2496 186 2558 forma
210 2494 300 2557 semel
322 2505 401 2558 mota
425 2505 522 2559 estet
544 2496 576 2559 in
599 2499 657 2559 lroc
681 2496 869 2558 renovamine
889 2493 1005 2570 mansit,

92 2592 173 2653 sunt,
195 2581 305 2661 quibus
325 2580 357 2642 in
379 2581 481 2663 plures
502 2582 549 2643 ius
570 2591 615 2642 est
636 2582 761 2643 transire
788 2582 905 2661 ligures,

93 2674 126 2727 ut
147 2665 211 2740 tibi,
233 2665 379 2746 complexi
402 2675 509 2728 terram
533 2666 622 2728 maris
643 2665 751 2740 incola,
772 2665 893 2728 Protea.

93 2768 160 2812 nam
182 2749 270 2812 modo
294 2758 322 2811 te
344 2750 491 2824 iuvenem,
513 2753 602 2812 modo
625 2761 654 2812 te
675 2752 772 2813 ridere
793 2749 918 2824 leonem,

93 2853 174 2897 nunc
195 2835 342 2897 violentus
363 2854 445 2916 aper,
468 2854 559 2909 nunc,
581 2854 669 2917 quem
692 2835 823 2914 tetigisse
844 2835 990 2908 timerent,

92 2920 198 2999 anguis
220 2938 294 2995 eras,
317 2921 405 2981 modo
428 2931 456 2982 te
480 2920 625 2982 iaciebant
650 2938 761 2982 cornua
787 2930 911 2983 taurum.

92 3023 180 3086 saepe
202 3005 277 3086 lapis
298 3013 426 3086 poteras,
447 3005 535 3067 arbor
556 3023 676 3087 quoque
698 3024 785 3087 saepe
807 3003 907 3078 videri,
1120 3009 1164 3060 tte

94 3089 254 3160 interdum,
276 3089 379 3151 faciem
402 3088 578 3170 liquidarum
601 3089 731 3152 imitatus
756 3105 906 3170 aquarum,

92 3172 201 3236 llumen
224 3192 299 3248 eras,
320 3173 467 3236 interdum
489 3175 578 3236 undis
600 3174 766 3236 contrarius
788 3174 874 3255 ignis.

92 3323 231 3392 baucisque
249 3338 338 3393 preces
356 3323 511 3392 timidusque
529 3325 659 3392 pylemon.
722 3327 771 3377 tot
790 3321 958 3390 diducimus
975 3319 1001 3372 ll
1062 3317 1130 3388 quod
1148 3313 1164 3369 λ

92 3391 245 3473 'ildpradu
267 3388 301 3443 λ’
362 3394 422 3470 tra·
434 3398 579 3472 narrassent
602 3388 643 3472 l·
678 3395 727 3472 'illl
750 3388 874 3444 additui
932 3391 983 3442 tte
1007 3386 1162 3468 tlaineiusll

92 3458 206 3512 Drntetns
223 3459 345 3525 Surdior,
362 3457 480 3529 Tyrrenos
497 3459 598 3524 Poller,
617 3460 750 3529 Cinyreius
768 3459 894 3525 untev,
913 3456 1084 3527 Thymbretus
1101 3470 1163 3507 coo·

92 3615 143 3664 teci
204 3614 255 3666 '1²0
273 3541 572 3679 genisii-laffiffoes
634 3615 683 3667 tat
702 3562 753 3665 sint
769 3610 808 3662 Μ’
868 3606 961 3663 eunti
1012 3601 1164 3662 oolnntnri

92 3680 127 3748 pii
146 3679 186 3732 dis
202 3680 432 3733 suut-coluntur
450 3682 584 3747 Heinsius,
601 3681 649 3733 sed
667 3678 701 3742 cs.
718 3680 873 3733 haeum
890 3678 927 3730 ad
942 3677 1057 3758 leuaret·
1066 3693 1095 3744 p.
1111 3676 1164 3730 253

92 3811 263 3869 lllnixusl
313 3815 539 3870 enbitoinnixusr
591 3763 757 3884 ttuin'otatt
808 3812 935 3868 inormdl
987 3744 1163 3882 'laliacp‘rltibe

92 3881 117 3936 ll
169 3885 219 3938 tet
237 3880 348 3952 quaml
