2692 4230
58 123 120 185 244
491 106 678 183 ·”κετ999;

58 301 257 384 mentiturque
279 304 366 382 rugae
388 315 521 374 causam;
544 297 629 378 petit,
650 295 725 361 urhe
745 299 791 362 vel
810 318 881 380 agro

58 405 91 448 se
113 387 200 450 iuret.
243 387 326 450 huoo
346 395 450 447 eontra
472 379 588 462 placido
610 379 784 446 Trachinius
805 403 857 447 ore

57 471 165 534 talibus
186 470 370 552 adloquitur:
389 461 517 526 ‘mediae
540 482 659 544 quoque
680 469 834 531 commoda
854 466 933 551 plebi

58 565 159 619 nostra
181 563 294 637 patent,
316 550 419 623 Peleu
441 567 498 610 uec
519 547 666 630 inhospita
688 568 778 630 regna
799 563 942 616 moemus.

58 640 148 703 adicis
168 640 240 701 huic
260 636 360 699 auimo
383 642 533 696 momenta
555 633 697 717 potentia,
719 634 832 698 clarum
1083 642 1126 694 295

59 743 168 786 nomen
190 737 335 800 avumque
356 717 464 780 lovem.
509 737 546 782 ne
568 727 699 799 tempora
723 718 812 798 perde
832 722 994 802 precando:

59 808 138 889 quod
160 806 248 888 petis,
272 821 362 864 omue
384 803 470 865 leres.
513 813 623 884 tuaque
645 803 716 864 haec
739 820 792 883 pro
814 813 1029 884 parleremo,

59 892 283 974 qualiacumque
304 886 394 949 rides.
436 887 551 951 utinam
574 886 694 950 meliora
716 879 856 948 videresl'

60 988 89 1039 et
109 974 206 1037 flebat
250 983 366 1034 moreat
387 981 485 1036 tantos
508 993 584 1054 quae
605 991 692 1035 causa
713 969 840 1046 dolores,

58 1059 223 1136 Peleusque
246 1056 428 1137 comitesque
449 1069 567 1138 rogant.
611 1057 719 1139 quibus
739 1055 790 1117 ille
812 1057 961 1137 prosator:

56 1138 194 1203 ‘forsitan
217 1141 294 1203 hanc
315 1141 476 1216 volucrem,
497 1152 584 1225 rapto
608 1162 682 1224 quae
703 1141 773 1202 vivit
793 1149 823 1202 et
844 1159 947 1203 omnes

59 1234 151 1288 terret
173 1244 250 1300 aves,
272 1244 390 1308 semper
412 1246 527 1309 peooas
548 1228 686 1290 habuisse
707 1225 834 1310 putetis:

59 1311 149 1372 irater
171 1322 233 1372 erat
254 1309 392 1392 belloque
414 1313 497 1375 ferox
519 1313 556 1375 ad
577 1313 694 1394 vimque
716 1318 843 1394 paratus,

61 1393 183 1457 nomine
204 1394 374 1472 Daedalion,
397 1397 448 1459 illo
470 1397 607 1478 genitore
629 1406 754 1473 creatus,

60 1479 111 1560 qui
132 1491 217 1543 vocat
238 1500 376 1544 auroram
398 1482 541 1563 caeloque
563 1482 739 1544 novissimus
760 1481 827 1543 exit

60 1563 137 1627 culta
159 1565 231 1627 mihi
254 1585 311 1647 pax
333 1575 388 1639 est,
413 1566 495 1646 pacis
516 1564 588 1626 mihi
611 1583 681 1627 cura
702 1566 846 1627 tenendae

61 1649 252 1729 coniugiique
274 1649 347 1710 luite
369 1649 452 1711 fratri
473 1649 535 1710 iera
557 1647 635 1710 bella
657 1647 819 1731 placebant.

60 1733 140 1796 illius
160 1732 253 1794 virtus
274 1749 360 1811 reges
380 1744 545 1816 gentesque
566 1732 692 1813 subegit,

60 1837 136 1898 quae
157 1835 240 1878 nunc
261 1815 421 1880 Thisbaeas
442 1818 534 1898 agitat
554 1827 665 1881 mutata
687 1817 845 1881 columbas.

61 1913 128 1963 outa
150 1911 212 1963 erat
232 1901 304 1964 huic
325 1901 449 1965 Chione
493 1922 569 1984 quae
591 1902 771 1966 dotatissima
793 1903 886 1966 lorma

60 1985 141 2048 mille
161 2004 271 2066 procos
292 1986 405 2059 habuit,
426 1986 473 2048 bis
494 1997 609 2069 septem
632 1986 741 2049 nubilis
761 1987 858 2050 suuis.

61 2071 138 2133 torte
159 2080 343 2132 revertentes
365 2069 505 2133 Phoebus
526 2071 661 2151 Maiaque
682 2081 808 2146 creatus,

62 2154 112 2216 ille
133 2155 195 2216 suis
217 2154 350 2237 Delphis,
372 2156 421 2219 hic
442 2156 551 2219 vertice
573 2155 722 2237 Cyllenes

60 2239 158 2301 ridere
180 2239 258 2301 hanc
280 2240 399 2321 pariter,
422 2241 531 2322 pariter
553 2250 667 2302 traxere
689 2239 826 2302 calorem.

62 2342 144 2405 spem
167 2323 284 2385 veneris
305 2324 404 2388 differt
424 2325 455 2387 io
476 2337 614 2407 tempora
637 2325 732 2387 noetis
753 2324 876 2406 Apollo:

63 2427 123 2470 noo
147 2407 205 2470 lert
225 2408 276 2470 ille
298 2427 396 2473 moras
416 2410 557 2491 virgaque
578 2419 714 2472 movente
734 2428 872 2492 soporem

61 2492 183 2572 virginis
204 2512 239 2555 os
260 2495 363 2574 tangit.
407 2503 486 2557 tactu
508 2496 585 2558 iacet
605 2495 653 2557 illa
676 2495 789 2576 potenti

62 2578 180 2658 simque
202 2577 247 2639 dei
271 2581 390 2659 patitur.
436 2598 494 2641 uox
517 2579 631 2642 caelum
652 2589 800 2662 sparserat
821 2579 921 2642 astris:

62 2661 201 2726 Phoebus
221 2680 313 2724 eoum
334 2662 454 2726 simulat
476 2672 692 2746 praereptaque
713 2663 818 2743 gaudia
837 2663 934 2726 sumit.
1090 2672 1134 2724 919

63 2757 96 2810 ut
117 2766 171 2809 soa
192 2759 326 2810 maturus
348 2748 498 2831 conplevit
521 2758 658 2830 tempora
678 2758 791 2824 venter,

63 2830 187 2913 alipedis
208 2831 244 2894 de
266 2833 360 2915 stirpe
380 2834 427 2895 dei
449 2843 565 2896 versuta
587 2852 719 2916 propago

64 2916 204 2991 nascitur,
225 2917 397 2999 Autolycus,
420 2919 530 2981 lurtum
553 2918 725 2998 ingeniosus
745 2919 781 2980 ad
804 2936 901 2992 omne,

133 3068 183 3117 292
202 3063 220 3116 S
238 3081 317 3119 etuas
368 3070 398 3118 in
415 3083 504 3133 marg.
523 3085 540 3117 o
558 3070 626 3119 ml
652 3068 747 3121 leurhst
764 3067 790 3120 Μ
854 3067 954 3136 placido
975 3067 1003 3132 (tl
1020 3083 1054 3118 es
1071 3063 1133 3130 9Μ

64 3133 401 3202 huoclliic-tyriutiusa
453 3138 504 3188 284
518 3135 800 3204 pateutlpaeoepelll
852 3131 1041 3191 285atldiciti
1085 3133 1134 3187 hoc

126 3215 199 3270 lhoc

65 3283 90 3336 Μ
142 3280 235 3337 lmici
290 3284 487 3338 monimentah
539 3295 668 3340 momenta
686 3290 776 3340 Heius.
836 3290 885 3343 289
904 3287 1000 3342 Oomeu
1016 3287 1042 3340 Μ
1092 3287 1134 3351 ue]

64 3348 145 3404 oeci
196 3354 246 3405 299
265 3360 370 3406 moueat
387 3352 413 3404 Μ
465 3358 516 3409 299
535 3354 628 3408 Peleus
649 3358 710 3419 (om.
727 3359 822 3424 queis
872 3359 918 3410 291
938 3357 1054 3425 raptllliq:
1070 3357 1136 3409 vivit

62 3419 131 3480 (fuit
147 3424 244 3486 raptor)
261 3419 286 3472 Μ
339 3423 389 3474 292
407 3423 505 3489 putatis
523 3442 550 3482 ςς
571 3428 635 3489 poet
652 3427 702 3478 292
720 3425 833 3476 leucoia
849 3426 940 3477 eodm.-
963 3427 1001 3477 vir
1019 3425 1074 3478 luit.
1109 3430 1136 3477 et

66 3495 134 3539 mota
152 3493 192 3539 est
209 3487 287 3540 animi
306 3491 467 3556 constantia,
484 3497 585 3543 uotum
604 3492 646 3542 uel
665 3501 802 3559 quantum,
819 3509 887 3559 quae
903 3492 1065 3560 interpolata
1081 3496 1136 3544 aare

65 3556 199 3606 intellexit
220 3561 285 3622 post
306 3558 445 3609 Heinsium
469 3558 500 3610 lt.
525 3559 653 3626 Bentley5
674 3558 779 3619 frustra
803 3563 890 3626 igitur
910 3561 979 3613 Fuso
1001 3561 1050 3613 iam
1073 3568 1135 3625 tum,

64 3623 174 3675 seusus
190 3623 321 3691 quondam
339 3630 537 3692 temptauerunt
588 3630 638 3680 aut
651 3627 728 3679 irater
739 3644 789 3680 em.
800 3628 910 3696 Bentley
960 3644 1018 3681 acer
1035 3629 1136 3682 codices

65 3694 113 3744 292
139 3687 230 3742 osui
298 3692 378 3756 culta]
402 3693 500 3746 curali
569 3697 619 3747 299
640 3693 733 3747 ocull
802 3699 853 3748 299
875 3702 966 3762 gestes
981 3711 1136 3767 regesqoea

65 3762 115 3812 399
133 3757 269 3811 ahebssll
322 3763 370 3814 391
390 3767 450 3813 usta
467 3767 510 3826 (na
530 3762 771 3830 scoot—quaeda
788 3763 956 3817 notissimall
1008 3767 1057 3818 999
1075 3765 1137 3833 phe-

64 3822 204 3894 busquei
273 3831 323 3882 ³05
349 3829 444 3897 pariter
461 3835 543 3897 prius
567 3829 665 3882 onr.lll
735 3831 846 3885 calorem
868 3836 949 3896 (corr.
966 3849 1002 3885 eor
1025 3833 1084 3896 col.)
1109 3831 1136 3885 Μ

57 3897 112 3946 398
128 3891 250 3964 tetigit)
