2692 4230
187 51 193 81 t

122 99 201 233 ‘286'
546 183 549 191 ,
592 127 748 185 montet
946 145 1070 186 nsuonnrr
1087 138 1204 189 renuerorr'

132 295 283 374 sanguinis
303 296 335 359 in
357 298 456 361 socios
477 307 508 360 ct
528 297 618 359 hahet
639 295 705 358 sine
727 297 850 364 vulnero
870 321 988 385 corpus.

131 379 201 461 quid
222 391 319 463 tamen
341 383 400 445 hoc
420 382 520 454 relect,
541 380 567 440 si
589 396 622 440 se
644 397 700 459 pro
722 379 816 445 classe
837 386 957 467 Pelasga

129 483 209 529 arma
225 466 332 534 tulisse
353 466 442 528 relert
464 471 568 526 contra
590 461 744 544 Troasque
764 464 945 551 lovemque?

131 552 342 631 conllteorque,
365 548 440 610 tulit.
484 564 583 627 neque
604 546 685 608 enim
700 547 853 613 henelacta
873 556 1000 637 maligne

131 634 291 698 detractare
311 650 411 694 meum
434 639 487 692 est
530 630 581 692 sed
605 649 644 692 ne
665 633 835 696 commonia
857 637 938 701 solus

131 730 256 800 occupet
277 727 365 797 atque
386 715 515 795 aliquem
536 714 621 777 vobis
642 734 764 798 quoque
785 718 886 781 reddat
906 724 1061 787 honorem.

128 803 260 885 reppulit
281 798 435 862 Actorides
456 798 511 860 suh
534 798 664 879 imagine
685 811 767 863 tutus
788 803 910 866 Achillis

130 887 221 950 Troas
243 885 278 948 ah
300 883 410 946 arsuris
431 901 500 945 oum
522 884 680 948 defensore
701 885 821 948 carinis.

129 989 233 1034 ausum
255 968 341 1030 etiam
363 967 518 1029 llectoreis
539 969 636 1033 solum
659 989 839 1033 concurrere
859 972 926 1034 telis

130 1075 162 1118 se
183 1063 275 1136 putat,
297 1050 406 1113 ohlitos
426 1052 564 1133 regisque
585 1055 756 1137 ducumque
777 1055 904 1136 meique,

131 1157 227 1201 nonus
248 1138 279 1199 in
302 1137 400 1197 ollloio
422 1146 451 1198 et
471 1137 624 1218 praelatus
644 1159 770 1203 munere
791 1140 889 1202 sortis.

130 1223 182 1284 sed
203 1232 299 1283 tamen
322 1230 446 1283 eventus
467 1232 590 1299 vestrae,
612 1225 782 1301 fortissime,
804 1243 922 1307 pugnae

130 1307 197 1387 quis
218 1304 296 1368 luit?
317 1340 360 1352 -
381 1305 492 1368 Hector
513 1307 575 1371 abit
595 1309 721 1372 violatus
740 1309 862 1373 vulnere
884 1308 976 1371 nullo.

128 1409 177 1453 me
198 1391 348 1466 miserum,
370 1402 481 1472 quanto
502 1411 595 1472 cogor
615 1395 788 1457 meminisse
809 1395 910 1458 dolore

129 1476 271 1558 temporis
292 1476 381 1551 illius,
405 1495 464 1557 quo
487 1475 610 1540 Grliium
631 1498 747 1554 murus,
769 1481 897 1543 Achilles
995 1501 999 1507 ·

128 1560 302 1642 procubuit!
326 1580 382 1624 nec
402 1581 450 1623 me
471 1562 609 1624 lacrimae
630 1563 789 1643 luctusque
809 1565 957 1645 timorque

130 1649 289 1721 tardarunt,
311 1647 382 1726 quiu
406 1664 516 1725 corpus
535 1646 628 1708 humo
650 1645 778 1708 sublimo
799 1649 950 1710 referrem.

130 1732 178 1794 his
198 1731 319 1804 umeris,
339 1730 396 1804 his,
418 1730 550 1809 inquam,
573 1730 685 1791 umeris
706 1748 762 1809 ego
785 1749 894 1811 corpus
914 1733 1037 1794 Achillis

130 1826 160 1878 et
180 1815 267 1877 simul
288 1832 367 1877 arma
389 1812 462 1875 tuli:
486 1832 562 1895 quae
584 1816 809 1896 huncquoque
831 1817 908 1878 lerre
929 1815 1042 1879 laboro.

129 1910 200 1962 sunt
219 1898 301 1973 mihi,
324 1917 400 1979 quae
420 1897 534 1960 ualeant
555 1898 587 1960 in
609 1897 677 1962 talia
699 1900 841 1980 pondera,
864 1900 949 1974 vires,

131 1995 175 2046 est
194 1985 310 2046 animus
332 1993 411 2044 certe
432 1995 545 2044 vestros
565 2001 709 2046 sensurus
731 1985 871 2046 honores.

130 2068 241 2131 scilieet
261 2068 370 2130 idcirco
393 2087 448 2149 pro
471 2078 539 2129 nato
562 2069 680 2130 caerula
702 2079 821 2131 mater.

130 2153 281 2215 ambitiosa
303 2171 357 2213 suo
380 2152 445 2226 luit,
467 2161 501 2213 ut
521 2152 657 2215 caelestia
679 2153 768 2226 dona,

129 2239 200 2300 anis
221 2255 297 2318 opus
318 2246 426 2311 tantae,
448 2235 530 2297 rudis
551 2247 580 2298 et
602 2237 669 2298 sinc
689 2248 810 2317 pectore
831 2235 916 2298 miles

130 2319 285 2384 indueret‘.l
307 2320 505 2402 nequeenim
528 2319 616 2402 clipei
638 2320 799 2384 caelamina
822 2321 912 2395 norit,

131 2405 280 2469 Oceanum
302 2416 331 2468 et
352 2417 443 2468 terras
464 2423 592 2487 cumque
613 2404 673 2467 alto
696 2406 791 2468 sidera
814 2406 894 2467 eaelo

129 2491 319 2571 Pletadasque
341 2491 515 2571 Hyadesque
537 2492 753 2572 inmunemque
774 2492 911 2572 aequoris
933 2494 1044 2553 Arcton

129 2576 314 2656 diuersasque
337 2575 425 2637 urbes
446 2575 632 2657 nitidumque
654 2574 776 2637 Orionis
798 2593 908 2638 ensem.

131 2660 279 2741 [postulat
301 2670 335 2721 ut
356 2660 461 2741 capiat,
483 2679 559 2740 quae
581 2679 643 2722 non
666 2659 821 2738 intellegit,
843 2661 943 2736 arma]

130 2745 200 2825 quid
222 2744 300 2825 quod
322 2762 370 2805 me
391 2744 457 2805 duri
479 2744 643 2822 lugientem
665 2763 790 2807 monera
812 2744 882 2806 belli

129 2829 224 2909 arguit
245 2830 362 2910 incepto
385 2847 484 2890 serum
505 2828 666 2890 accessisse
687 2828 792 2901 labori,

130 2933 187 2976 nec
207 2933 238 2976 se
259 2915 446 2992 magnanimo
467 2912 644 2975 maledicere
665 2913 755 2974 sentit
776 2908 906 2974 Achilli?

130 3000 156 3060 si
177 2998 328 3060 simulasse
349 3017 436 3060 vocas
457 2997 581 3070 cumen,
603 2998 805 3059 simulavimus
826 2996 923 3069 amhn,

130 3084 258 3146 simona
278 3101 334 3164 pro
355 3082 442 3164 culpa
464 3091 520 3157 est,
542 3100 598 3162 ego
620 3101 687 3144 sum
710 3080 853 3144 maturior
873 3080 935 3143 illo.
1155 3089 1200 3140 tto

129 3186 178 3231 me
200 3169 247 3249 pia
268 3168 395 3230 detinuit
415 3167 555 3243 coniunx,
580 3167 628 3248 pia
650 3178 745 3229 mater
764 3164 917 3239 Achillem,

197 3319 247 3370 268
270 3315 357 3368 hech
426 3318 475 3370 269
498 3315 597 3383 trohsq:
615 3313 642 3366 hl
713 3315 891 3381 troinmqnee
958 3315 1006 3364 art
1031 3310 1161 3364 modone
1185 3330 1201 3363 ι

131 3387 180 3437 tta
197 3386 283 3464 atque]
306 3382 392 3471 anthi
462 3386 511 3438 273
535 3383 636 3436 rettulit
652 3382 678 3436 M
747 3381 806 3447 subl
830 3379 918 3460 sedlll
955 3381 1037 3462 ‚²⁷⁴
1060 3379 1145 3431 hohas
1165 3379 1197 3432 rh

130 3466 236 3571 ttt‘d
252 3451 319 3572 ”nc
337 3448 1013 3587 {5313deaqutthii‘ds'iit'nmlh'iiih
1030 3449 1198 3581 ,tthltt

130 3589 180 3640 tte
197 3587 226 3640 ll.
244 3587 306 3651 abit]
324 3595 364 3639 est
382 3587 506 3666 lleetora
565 3589 616 3640 282
634 3587 752 3640 luctuose
770 3585 878 3638 timorve
896 3584 984 3635 Helm
1048 3584 1097 3635 282
1115 3581 1201 3634 tarda-

129 3661 217 3708 rante
273 3658 320 3707 291
341 3662 408 3707 nont
425 3656 516 3707 licina.
579 3658 629 3708 293
647 3653 815 3772 plyadaqqqaq
831 3720 857 3772 X
881 3651 985 3773 fflgg
982 3652 998 3703 h
1010 3652 1103 3783 1191234
1107 3650 1201 3769 Anrquq

130 3722 466 3916 ΞΞΞἚᾘῘῘἭΙΟῙἚΫ
485 3722 561 3844 tells-'l
579 3722 780 3842 {lnlrsrlitre'cslum
797 3757 992 3840 secludendum
1003 3787 1068 3838 cidit
1083 3756 1201 3852 ‘Bentley

125 3897 142 3911 .
197 3867 272 3912 rorat
313 3864 377 3912 eim.
