2692 4230
142 128 260 167 rruauus
277 129 311 167 nr
328 129 417 167 rursm
592 110 634 176 lv,
653 113 779 164 ot-tot.

142 285 230 348 fissus
251 295 314 348 erat
335 284 417 347 tenui
440 283 524 354 rima,
547 302 633 362 quarn
657 284 780 346 duxerat
801 282 871 344 olim

143 389 211 434 cum
233 373 326 444 heret,
349 367 445 449 paries
466 367 567 428 domui
590 370 757 431 communis
779 369 907 450 utrique.

140 456 172 519 id
192 458 297 518 vitium
320 451 393 514 nulii
418 469 471 530 per
492 454 609 515 saecula
631 455 720 532 longa
744 464 877 516 notatum

142 543 225 622 (quid
250 557 311 602 nou
333 535 424 597 sentit
444 535 562 616 amori)
586 539 673 618 primi
695 538 807 599 vidistis
828 550 960 601 amantes

141 637 172 688 et
193 625 273 686 vocis
295 621 405 682 fecistis
429 620 499 696 iter;
524 633 662 702 tutaeque
684 640 738 702 per
759 621 831 683 ittud

140 725 294 772 murmure
315 704 475 768 blanditiae
497 709 619 769 minimo
643 707 769 767 transire
790 707 934 768 solebant
1188 717 1217 766 tu

141 811 240 873 saepe,
263 789 314 852 ubi
337 791 531 854 constiterant
552 793 622 853 hinc
643 790 764 863 Thisbe,
786 789 928 871 Pyramus
949 791 1040 864 illine,

141 879 233 958 inque
255 875 333 936 vices
354 876 451 939 ruerat
472 886 605 957 captatus
627 875 775 938 anhelitus
797 876 867 949 oris,

142 960 279 1038 „invide“
304 960 437 1023 dicebaut
462 963 590 1041 „paries
614 960 685 1038 quid
707 961 874 1023 amantibus
895 957 1016 1021 obstas?

140 1056 284 1126 quantum
307 1058 378 1122 erat,
401 1059 434 1111 ut
454 1049 569 1108 sineres
592 1055 653 1104 toto
677 1063 733 1106 nos
754 1064 879 1126 corpore
901 1045 994 1125 iungi,

138 1139 190 1192 aut
211 1130 270 1193 hoc
290 1131 316 1194 si
340 1133 463 1194 nimium
486 1141 540 1203 est,
563 1129 608 1191 vel
629 1132 665 1192 ad
688 1132 788 1193 oscula
810 1132 905 1193 danda
929 1128 1066 1213 pateres?
1187 1140 1215 1188 tn

139 1234 196 1277 nec
217 1235 320 1280 sumus
341 1217 467 1297 ingrati:
491 1213 544 1275 tibi
567 1233 624 1276 nos
645 1216 753 1279 debere
774 1216 910 1289 fatemur,

139 1302 218 1381 quod
241 1303 327 1365 datus
349 1314 394 1364 est
414 1300 511 1361 verbis
532 1300 568 1359 ad
590 1301 700 1362 amicas
722 1301 864 1363 transitus
891 1304 1006 1363 aures.“

139 1387 207 1450 talia
228 1388 341 1449 diversa
365 1385 549 1465 nequiquam·
567 1387 636 1446 sede
659 1387 749 1448 locuti
850 1411 856 1424 ·

138 1473 334 1535 subnectam
356 1471 456 1531 dixere
478 1470 541 1532 vale
563 1471 699 1551 partique
720 1471 828 1532 dedere

138 1557 239 1618 oscula
261 1557 388 1635 quisque
409 1573 480 1616 suae
503 1574 565 1617 nnn
588 1554 789 1635 pervenientia
811 1565 924 1616 contra.

137 1652 256 1721 postera
278 1650 441 1701 nocturnos
461 1659 569 1702 aurora
590 1653 755 1701 removerat
775 1641 862 1718 ignes

136 1725 242 1805 suique
265 1724 424 1805 pruinosas
445 1725 535 1786 radiis
556 1725 716 1786 siccaverat
737 1725 860 1787 herbas:

136 1811 173 1871 ad
196 1809 315 1870 solitum
337 1809 436 1871 coiere
458 1810 568 1871 locum.
613 1821 675 1872 tum
697 1828 851 1872 murmure
873 1826 961 1890 parvo

136 1894 228 1956 multa
248 1896 333 1977 prius
356 1895 463 1976 questi,
485 1905 628 1970 statuunt,
652 1905 686 1958 ut
708 1906 796 1958 noete
820 1895 919 1957 silenti

136 1978 236 2042 saliere
258 1981 397 2042 custodes
420 1981 593 2061 foribusque
615 1982 757 2043 excedere
778 1991 934 2062 temptent,

136 2084 264 2146 cumque
286 2066 375 2127 domo
398 2066 533 2139 exierint,
555 2067 638 2127 urbis
659 2084 780 2146 qnoque
801 2076 878 2128 tecta
899 2064 1084 2146 rehnquant3

136 2169 210 2213 neve
232 2151 270 2213 sit
291 2152 450 2212 errandum
473 2151 531 2210 lato
554 2150 750 2230 spatiantibus
774 2168 855 2225 arvo,

135 2235 313 2297 conveniant
333 2235 370 2295 ad
392 2234 477 2306 busta
499 2234 570 2295 Nini
591 2235 761 2316 lateantque
782 2235 838 2297 sub
862 2232 966 2295 umbra

134 2318 259 2382 arboria.
303 2319 391 2381 arbor
415 2319 465 2394 ibi,
489 2320 582 2381 niveis
604 2320 752 2383 uberrima
775 2321 871 2402 pomis

133 2405 224 2466 ardua
246 2423 358 2478 monus,
382 2417 453 2477 erat,
476 2403 574 2484 gelido
597 2407 781 2468 contermina
804 2406 888 2468 sonti.

134 2500 219 2571 pacta
241 2489 369 2570 placent.
392 2501 422 2553 et
442 2490 503 2565 iux,
526 2492 608 2553 tarde
629 2491 780 2553 discedere
801 2490 872 2564 risa,

133 2574 344 2655 praecipitatur
365 2577 460 2657 aquis,
484 2586 514 2638 et
534 2577 620 2656 aquis
643 2594 702 2637 uox
723 2575 781 2636 exit
802 2575 839 2636 ab
862 2574 964 2636 isdem.

134 2659 239 2722 callida
261 2679 315 2741 per
337 2662 474 2722 tenebras
497 2672 610 2722 versato
633 2660 753 2723 cardine
774 2658 884 2722 Thisbe

133 2745 283 2824 egreditur
305 2745 438 2826 fallitque
459 2764 542 2819 suns,
564 2747 763 2826 adopertaque
785 2745 898 2806 ruitum

133 2831 324 2910 pervenitad
347 2830 494 2892 tumulum
517 2831 655 2911 dictaque
676 2831 731 2892 sub
754 2831 859 2893 arbore
881 2830 967 2891 sedit.

131 2917 272 2977 audacem
296 2916 422 2977 faciebat
443 2934 536 2977 atuor.
581 2917 660 2977 venit
682 2934 751 2976 ecce
774 2915 887 2976 recenti

132 3002 221 3061 caede
243 3001 345 3062 leaena
367 3001 457 3062 boum
480 3014 652 3080 spumantes
667 3002 757 3062 oblita
778 3001 882 3074 rictus,

132 3086 303 3165 depositura
324 3087 402 3147 sitim
424 3087 513 3148 vicini
536 3087 627 3147 sontis
649 3087 679 3147 iu
704 3087 791 3147 unda.

131 3189 219 3249 quam
244 3170 349 3250 procul
370 3172 405 3232 ad
428 3171 517 3232 lunae
539 3172 636 3233 radios
657 3171 816 3250 Babylonia
838 3169 949 3232 Thisbe

131 3256 202 3317 vidit
225 3266 254 3316 et
276 3255 435 3317 obscurum
459 3256 562 3317 timido
586 3257 661 3337 pede
683 3257 759 3336 sugit
781 3257 811 3316 in
834 3267 962 3331 autrum,
1165 3265 1208 3314 tou

132 3341 263 3421 dumque
286 3341 371 3419 fugit,
394 3353 476 3420 tergo
500 3341 642 3403 velamina
665 3341 745 3422 lapsa
767 3341 896 3420 reliquit.

131 3438 164 3487 ut
185 3426 229 3487 lea
253 3444 337 3487 saeva
358 3427 435 3487 sitim
458 3426 549 3488 multa
572 3429 757 3507 compescuit
779 3428 867 3501 unda,

555 3591 682 3644 iminimo

198 3664 231 3712 dh'
251 3664 366 3712 notatum
386 3667 457 3717 estc
510 3665 543 3713 ‘10
580 3662 657 3713 nimio
693 3680 706 3712 ε
752 3665 956 3716 torostoros
1004 3663 1034 3711 75
1053 3661 1130 3711 u'eh
1167 3666 1206 3712 est

129 3729 283 3782 detHar'm.
337 3731 368 3782 tt
387 3731 557 3796 nequicquam
575 3729 707 3782 diversos
755 3733 787 3782 tt
805 3729 830 3780 in
850 3737 956 3783 noctes
1002 3732 1033 3782 85
1053 3735 1207 3794 temptante

129 3801 159 3850 91
179 3799 236 3849 risa
255 3804 295 3848 est
312 3795 338 3847 Μ
385 3799 418 3848 92
436 3798 499 3860 exit]
519 3799 602 3863 surgit
617 3798 697 3849 metiti
709 3798 785 3849 codd.
798 3799 887 3851 Heius.
940 3801 987 3851 tud
1004 3798 1077 3848 sich
1108 3796 1205 3863 trepido

128 3881 164 3917 en:
182 3866 240 3917 cod.
260 3864 477 3930 Cantabrigr‘emi
494 3866 635 3918 Batrnaanu
