2692 4230
193 112 339 153 Pultonrua
624 101 665 168 vt,
682 105 824 155 feo-559.

192 271 221 332 vi
244 285 373 354 superat,
397 276 505 337 frustra
528 270 649 332 clamato
671 291 757 352 saepe
780 282 910 353 parente,

193 375 283 439 saepe
305 379 410 422 sorore
431 376 494 428 sua,
515 356 628 434 magnis
649 376 738 440 super
760 359 858 420 omnia
880 357 960 420 divis.

192 442 242 506 iffa
266 446 365 507 tremit
386 443 467 503 velut
487 456 563 517 agna
584 460 702 522 pavens,
724 463 799 524 quae
820 444 918 506 saucia
939 443 1006 504 caui

193 547 246 592 ore
269 547 391 592 excussa
413 524 477 606 lupi
500 525 632 589 nondum
654 528 709 590 sihi
731 539 791 589 tuta
813 529 937 603 videtur,

190 625 284 695 utque
307 609 444 675 columba
465 626 519 670 suo
544 613 711 674 madefactis
732 613 876 690 sanguine
897 613 1007 694 plumis

191 701 295 761 horret
316 697 414 757 adhuc
434 694 592 778 avidosque
613 699 703 771 timet,
726 697 834 776 quihus
855 699 997 775 haeserat,
1020 717 1144 778 ungues.
1220 712 1263 764 530

191 802 260 845 mox
283 781 335 842 uhi
358 797 443 841 mens
465 781 561 858 rediit,
582 801 683 864 pessos
704 780 811 842 laniata
833 783 966 863 capillos,

190 866 317 946 [lugenti
340 863 454 941 similis,
478 867 570 929 caesis
591 866 733 947 plangore
754 866 893 944 lacertis]

190 951 348 1013 intendens
370 950 483 1031 palmas
501 943 532 1012 ‘o
554 951 627 1012 diris
641 949 762 1012 barbare
784 951 879 1023 factis,

190 1055 207 1097 o
231 1028 367 1096 crudelis'
393 1037 443 1111 ait,
466 1030 536 1096 ‘nec
558 1043 587 1096 te
607 1035 740 1097 mandata
762 1036 893 1116 parentis

188 1138 258 1181 cum
280 1120 411 1182 lacrimis
432 1137 550 1181 movere
571 1117 628 1199 piis
649 1139 705 1182 nec
727 1140 797 1183 cura
819 1122 930 1184 sororis

189 1223 245 1266 neo
267 1225 332 1268 mea
354 1206 508 1284 virginitas
530 1222 587 1265 uec
609 1205 784 1287 coniugialia
806 1205 892 1268 iura?

188 1290 288 1352 omnia
311 1291 447 1363 turbasti,
469 1288 554 1370 pelex
576 1308 631 1370 ego
653 1293 726 1353 facta
748 1294 867 1363 sororis,

186 1385 219 1437 tu
241 1377 379 1455 geminus
401 1373 542 1449 coniunx,
564 1374 659 1437 hostis
679 1376 750 1437 mihi
771 1376 867 1438 dedita
891 1376 1019 1456 Progne.

187 1463 260 1542 quin
283 1462 413 1523 animam
434 1461 522 1534 hanc,
545 1477 583 1520 ne
605 1461 683 1541 quod
705 1460 819 1522 facinus
840 1460 903 1535 tibi,
926 1463 1048 1543 perfide,
1072 1473 1173 1539 restet,

187 1544 302 1628 eripis?
323 1556 413 1625 atque
434 1544 548 1606 utimm
570 1545 688 1607 fecisses
709 1555 778 1608 ante
799 1546 942 1608 nefandos

185 1630 381 1693 concubitust
405 1649 510 1692 vacuas
531 1629 698 1692 habuissem
719 1631 850 1692 criminis
871 1630 999 1693 umbras.

184 1717 209 1778 si
231 1725 331 1777 tamen
354 1716 427 1776 haec
449 1715 550 1796 superi
571 1725 704 1791 cernunt,
726 1717 751 1777 si
774 1716 895 1778 numina
916 1716 1015 1778 divum

184 1810 255 1862 sunt
276 1801 398 1882 aliquid,
421 1801 446 1861 si
469 1819 529 1861 non
553 1800 704 1881 perierunt
724 1800 822 1862 omnia
843 1819 970 1874 mecum,

183 1887 435 1967 quandocumque
457 1884 529 1946 mihi
552 1903 663 1966 poenae
683 1885 773 1947 dahis.
816 1886 879 1966 ipsa
901 1888 1015 1968 pudore

183 1973 317 2052 proiecto
340 1981 390 2032 tua
412 1971 488 2032 facta
509 1969 622 2051 loquar.
662 1970 687 2031 si
708 1971 792 2051 copia
813 1971 909 2045 detur,
1216 1980 1259 2031 515

184 2057 215 2116 in
240 2056 369 2136 populos
392 2056 524 2129 reniam3
548 2055 573 2116 si
595 2055 674 2116 silvis
696 2055 791 2118 clausa
812 2056 948 2131 tenebor,
1269 2051 1275 2062 “

181 2141 312 2222 implebo
336 2141 422 2201 silvas
445 2149 475 2201 et
496 2141 613 2201 conscia
634 2159 701 2201 saxa
722 2139 855 2201 movebo.

180 2228 282 2288 audiet
303 2228 378 2287 haec
399 2226 509 2300 aether,
533 2224 609 2287 etsi
631 2226 703 2286 deus
724 2224 801 2287 ullus
823 2225 854 2287 in
877 2225 927 2288 illo
951 2216 1014 2288 est'

180 2312 289 2373 talibus
311 2312 354 2372 ira
377 2311 430 2372 feri
453 2320 609 2391 postquam
631 2320 774 2372 commota
795 2312 913 2390 tyranni

180 2415 237 2459 nec
259 2396 358 2458 minor
379 2399 435 2458 hac
456 2404 552 2456 metus
574 2404 628 2470 est,
650 2414 735 2458 eausa
757 2395 922 2458 stimulatus
944 2405 1070 2475 utraque
1213 2405 1257 2455 550

180 2501 240 2562 quo
263 2481 320 2543 fuit
342 2482 504 2555 accinctus,
524 2480 628 2559 ragina
649 2479 752 2542 liberat
774 2499 873 2541 ensem

178 2577 389 2648 arreptamque
410 2584 496 2627 coma
519 2565 602 2627 flexis
622 2576 690 2646 post
710 2576 789 2644 terga
811 2564 927 2627 lacertis

177 2652 274 2715 vincla
296 2652 358 2733 pati
381 2651 469 2730 cogit.
513 2649 646 2729 iugulum
668 2650 828 2711 Philomela
849 2650 970 2732 parabat

178 2755 323 2819 spemque
346 2755 417 2797 suae
438 2737 542 2797 mortis
557 2733 625 2796 'viso
651 2745 827 2816 conceperat
848 2754 935 2797 ense:

177 2823 228 2884 ille
250 2823 455 2900 indignantem
478 2830 508 2882 et
530 2839 637 2881 nomen
654 2821 744 2901 patris
767 2839 861 2901 usque
883 2828 1035 2882 vocantem
1211 2827 1255 2876 555

176 2909 400 2987 luctantemque
422 2905 505 2987 loqui
528 2924 731 2986 comprensam
752 2906 864 2986 forcipe
887 2905 1017 2984 linguam

178 2993 299 3055 abstulit
323 3011 394 3053 ense
417 2992 490 3052 fero.
534 2991 615 3052 radix
636 2992 723 3052 micat
744 2990 846 3052 ultima
868 2991 997 3069 linguae,

177 3079 242 3159 ipsa
265 3080 340 3140 iacet
362 3088 515 3158 terraeque
537 3087 666 3138 tremens
687 3077 880 3138 inmurmurat
902 3087 990 3137 atrae.

177 3174 270 3244 utque
292 3163 380 3224 salire
402 3162 477 3223 solet
499 3162 647 3223 mutilatae
669 3163 759 3223 cauda
781 3161 929 3234 colubrae,

245 3369 293 3418 521
313 3365 399 3416 fremit
418 3361 432 3414 l
484 3366 533 3416 529
552 3362 699 3414 madefactis
711 3363 728 3426 (i
742 3380 776 3413 ce
787 3365 812 3428 a)
824 3391 858 3399 -
872 3356 992 3429 pennisl
1048 3360 1094 3410 531
1116 3371 1220 3423 sparsos
1236 3352 1253 3405 l

174 3437 225 3488 532
242 3449 346 3484 versam
364 3433 415 3483 del.
432 3435 511 3482 iussit
528 3433 615 3483 Heius.
667 3434 748 3484 5361
769 3435 798 3481 in
814 3426 934 3495 morgi
987 3429 1036 3480 536
1055 3441 1102 3476 nec
1119 3430 1145 3476 te
1162 3420 1254 3476 meai

393 3517 500 3569 luincla

173 3587 322 3654 coniugalia
341 3586 366 3637 hl
420 3586 474 3638 iura
509 3605 522 3636 ε
590 3588 639 3637 538
656 3585 748 3647 hostis]
768 3601 819 3637 non
836 3580 933 3635 haecl
985 3581 1111 3633 dehitaA
1165 3576 1250 3629 dedita

173 3662 206 3709 ci.
224 3658 288 3709 Birt
356 3654 406 3704 Pro
426 3670 457 3706 ue
477 3658 509 3706 ci.
531 3653 640 3714 Withof
694 3655 815 3719 poenaA
885 3655 932 3704 541
953 3650 1083 3716 criminibg
1101 3645 1127 3697 Μ
1198 3647 1248 3697 546

172 3726 247 3778 silvis
269 3726 291 3776 si
316 3669 426 3774 clusa}
495 3725 543 3776 548
567 3722 688 3774 audiate
749 3721 876 3783 551111]
901 3715 1025 3786 deripitf
1093 3712 1250 3797 5531111015

172 3794 191 3858 (l
209 3798 228 3846 i.
246 3811 270 3846 r.
288 3810 305 3843 a
322 3807 357 3842 m.
375 3791 402 3855 2)
420 3790 446 3841 ll
515 3794 564 3845 556
588 3786 801 3858 coprehensamf
863 3787 951 3842 forfice
970 3786 993 3837 11
1060 3785 1191 3853 forpicee
1225 3782 1250 3846 (ε

172 3864 254 3925 corr.)

1001 3938 1040 3980 qe
