<?xml version="1.0" encoding="UTF-8"?>
<!DOCTYPE html PUBLIC "-//W3C//DTD XHTML 1.0 Transitional//EN"
    "http://www.w3.org/TR/xhtml1/DTD/xhtml1-transitional.dtd">
<html xmlns="http://www.w3.org/1999/xhtml" xml:lang="en" lang="en">
 <head>
  <title>
</title>
<meta http-equiv="Content-Type" content="text/html;charset=utf-8" />
  <meta name='ocr-system' content='tesseract 3.04.00' />
  <meta name='ocr-capabilities' content='ocr_page ocr_carea ocr_par ocr_line ocrx_word'/>
</head>
<body>
  <div class='ocr_page' id='page_1' title='image "./povidinasonisme00korngoog_0122.png"; bbox 0 0 2692 4230; ppageno 0'>
   <div class='ocr_carea' id='block_1_1' title="bbox 170 111 793 177">
    <p class='ocr_par' dir='ltr' id='par_1_1' title="bbox 170 111 793 177">
     <span class='ocr_line' id='line_1_1' title="bbox 170 111 793 177; baseline 0.005 -17"><span class='ocrx_word' id='word_1_1' title='bbox 170 123 308 165; x_wconf 75' lang='lat' dir='ltr'>arenosus.</span> <span class='ocrx_word' id='word_1_2' title='bbox 340 128 492 167; x_wconf 81' lang='lat' dir='ltr'>rnosnnrrra</span> <span class='ocrx_word' id='word_1_3' title='bbox 603 111 634 177; x_wconf 83' lang='lat' dir='ltr'>l&#39;,</span> <span class='ocrx_word' id='word_1_4' title='bbox 651 112 793 164; x_wconf 86' lang='grc'><strong>303-344.</strong></span> 
     </span>
    </p>
   </div>
   <div class='ocr_carea' id='block_1_2' title="bbox 166 280 1245 2740">
    <p class='ocr_par' dir='ltr' id='par_1_2' title="bbox 166 280 1245 2740">
     <span class='ocr_line' id='line_1_2' title="bbox 171 280 972 363; baseline -0.002 -19"><span class='ocrx_word' id='word_1_5' title='bbox 171 283 265 363; x_wconf 89' lang='lat' dir='ltr'>prima</span> <span class='ocrx_word' id='word_1_6' title='bbox 287 285 368 348; x_wconf 82' lang='lat' dir='ltr'>dedit</span> <span class='ocrx_word' id='word_1_7' title='bbox 390 286 484 363; x_wconf 87' lang='lat' dir='ltr'>leges:</span> <span class='ocrx_word' id='word_1_8' title='bbox 508 280 622 344; x_wconf 85' lang='lat' dir='ltr'>Cereris</span> <span class='ocrx_word' id='word_1_9' title='bbox 644 289 713 343; x_wconf 91' lang='lat' dir='ltr'>sunt</span> <span class='ocrx_word' id='word_1_10' title='bbox 734 283 832 344; x_wconf 92' lang='lat' dir='ltr'>omnia</span> <span class='ocrx_word' id='word_1_11' title='bbox 854 299 972 343; x_wconf 90' lang='lat' dir='ltr'>munus.</span> 
     </span>
     <span class='ocr_line' id='line_1_3' title="bbox 171 367 1067 448; baseline -0.001 -19"><span class='ocrx_word' id='word_1_12' title='bbox 171 367 219 432; x_wconf 90' lang='lat' dir='ltr'>illa</span> <span class='ocrx_word' id='word_1_13' title='bbox 242 370 372 432; x_wconf 91' lang='lat' dir='ltr'>canenda</span> <span class='ocrx_word' id='word_1_14' title='bbox 395 367 467 430; x_wconf 89' lang='lat' dir='ltr'>mihi</span> <span class='ocrx_word' id='word_1_15' title='bbox 490 374 542 427; x_wconf 90' lang='lat' dir='ltr'>est.</span> <span class='ocrx_word' id='word_1_16' title='bbox 587 367 699 428; x_wconf 91' lang='lat' dir='ltr'>utinam</span> <span class='ocrx_word' id='word_1_17' title='bbox 720 369 807 430; x_wconf 92' lang='lat' dir='ltr'>modo</span> <span class='ocrx_word' id='word_1_18' title='bbox 829 368 928 430; x_wconf 82' lang='lat' dir='ltr'>dicere</span> <span class='ocrx_word' id='word_1_19' title='bbox 949 385 1067 448; x_wconf 90' lang='lat' dir='ltr'>possem</span> 
     </span>
     <span class='ocr_line' id='line_1_4' title="bbox 170 451 1243 544; baseline -0.006 -27"><span class='ocrx_word' id='word_1_20' title='bbox 170 455 301 544; x_wconf 80' lang='lat' dir='ltr'>carmina</span> <span class='ocrx_word' id='word_1_21' title='bbox 322 455 410 533; x_wconf 89' lang='lat' dir='ltr'>digna</span> <span class='ocrx_word' id='word_1_22' title='bbox 432 451 501 513; x_wconf 86' lang='lat' dir='ltr'>dea:</span> <span class='ocrx_word' id='word_1_23' title='bbox 525 460 604 514; x_wconf 86' lang='lat' dir='ltr'>certe</span> <span class='ocrx_word' id='word_1_24' title='bbox 626 452 678 514; x_wconf 90' lang='lat' dir='ltr'>dea</span> <span class='ocrx_word' id='word_1_25' title='bbox 700 453 830 515; x_wconf 82' lang='lat' dir='ltr'><strong>carmine</strong></span> <span class='ocrx_word' id='word_1_26' title='bbox 850 452 938 532; x_wconf 88' lang='lat' dir='ltr'>digna</span> <span class='ocrx_word' id='word_1_27' title='bbox 961 461 1014 514; x_wconf 82' lang='lat' dir='ltr'>est.</span> <span class='ocrx_word' id='word_1_28' title='bbox 1199 460 1243 512; x_wconf 81' lang='grc'>445</span> 
     </span>
     <span class='ocr_line' id='line_1_5' title="bbox 256 535 997 618; baseline 0 -19"><span class='ocrx_word' id='word_1_29' title='bbox 256 539 343 601; x_wconf 88' lang='lat' dir='ltr'>Vasta</span> <span class='ocrx_word' id='word_1_30' title='bbox 366 535 517 616; x_wconf 77' lang='lat' dir='ltr'><strong>Giganteis</strong></span> <span class='ocrx_word' id='word_1_31' title='bbox 539 537 651 618; x_wconf 87' lang='lat' dir='ltr'>ingesta</span> <span class='ocrx_word' id='word_1_32' title='bbox 674 547 718 599; x_wconf 89' lang='lat' dir='ltr'>est</span> <span class='ocrx_word' id='word_1_33' title='bbox 739 537 834 598; x_wconf 92' lang='lat' dir='ltr'>insula</span> <span class='ocrx_word' id='word_1_34' title='bbox 856 537 997 600; x_wconf 88' lang='lat' dir='ltr'>membris</span> 
     </span>
     <span class='ocr_line' id='line_1_6' title="bbox 170 620 973 701; baseline -0.002 -15"><span class='ocrx_word' id='word_1_35' title='bbox 170 623 320 686; x_wconf 85' lang='lat' dir='ltr'>Trinacris</span> <span class='ocrx_word' id='word_1_36' title='bbox 342 631 372 682; x_wconf 93' lang='lat' dir='ltr'>et</span> <span class='ocrx_word' id='word_1_37' title='bbox 394 620 509 700; x_wconf 90' lang='lat' dir='ltr'>magnis</span> <span class='ocrx_word' id='word_1_38' title='bbox 531 623 696 685; x_wconf 88' lang='lat' dir='ltr'>subiectum</span> <span class='ocrx_word' id='word_1_39' title='bbox 717 621 844 684; x_wconf 90' lang='lat' dir='ltr'>molibus</span> <span class='ocrx_word' id='word_1_40' title='bbox 866 633 973 701; x_wconf 91' lang='lat' dir='ltr'>urguet</span> 
     </span>
     <span class='ocr_line' id='line_1_7' title="bbox 170 707 854 788; baseline -0.004 -17"><span class='ocrx_word' id='word_1_41' title='bbox 170 709 313 771; x_wconf 88' lang='lat' dir='ltr'>aetherias</span> <span class='ocrx_word' id='word_1_42' title='bbox 335 724 440 767; x_wconf 91' lang='lat' dir='ltr'>ausum</span> <span class='ocrx_word' id='word_1_43' title='bbox 462 726 580 788; x_wconf 85' lang='lat' dir='ltr'>sperare</span> <span class='ocrx_word' id='word_1_44' title='bbox 602 708 739 788; x_wconf 76' lang='lat' dir='ltr'>Typhoea</span> <span class='ocrx_word' id='word_1_45' title='bbox 761 707 854 768; x_wconf 89' lang='lat' dir='ltr'>sedes.</span> 
     </span>
     <span class='ocr_line' id='line_1_8' title="bbox 170 789 975 874; baseline -0.004 -19"><span class='ocrx_word' id='word_1_46' title='bbox 170 794 275 855; x_wconf 89' lang='lat' dir='ltr'>nititur</span> <span class='ocrx_word' id='word_1_47' title='bbox 296 789 345 851; x_wconf 86' lang='lat' dir='ltr'>ille</span> <span class='ocrx_word' id='word_1_48' title='bbox 368 791 487 871; x_wconf 90' lang='lat' dir='ltr'>quidem</span> <span class='ocrx_word' id='word_1_49' title='bbox 510 802 680 874; x_wconf 81' lang='lat' dir='ltr'>pugnatque</span> <span class='ocrx_word' id='word_1_50' title='bbox 701 808 856 869; x_wconf 84' lang='lat' dir='ltr'>resurgere</span> <span class='ocrx_word' id='word_1_51' title='bbox 878 810 975 872; x_wconf 87' lang='lat' dir='ltr'>saepe,</span> 
     </span>
     <span class='ocr_line' id='line_1_9' title="bbox 170 874 981 949; baseline -0.006 -9"><span class='ocrx_word' id='word_1_52' title='bbox 170 878 270 940; x_wconf 86' lang='lat' dir='ltr'>dextra</span> <span class='ocrx_word' id='word_1_53' title='bbox 292 875 343 936; x_wconf 92' lang='lat' dir='ltr'>sed</span> <span class='ocrx_word' id='word_1_54' title='bbox 367 879 498 940; x_wconf 77' lang='lat' dir='ltr'>Ausonio</span> <span class='ocrx_word' id='word_1_55' title='bbox 521 896 626 939; x_wconf 88' lang='lat' dir='ltr'>manus</span> <span class='ocrx_word' id='word_1_56' title='bbox 648 884 691 937; x_wconf 89' lang='lat' dir='ltr'>est</span> <span class='ocrx_word' id='word_1_57' title='bbox 712 874 841 937; x_wconf 88' lang='lat' dir='ltr'>subiecta</span> <span class='ocrx_word' id='word_1_58' title='bbox 864 875 981 949; x_wconf 87' lang='lat' dir='ltr'>Peloro,</span> 
     </span>
     <span class='ocr_line' id='line_1_10' title="bbox 170 959 993 1042; baseline -0.002 -18"><span class='ocrx_word' id='word_1_59' title='bbox 170 962 259 1035; x_wconf 86' lang='lat' dir='ltr'>laeva,</span> <span class='ocrx_word' id='word_1_60' title='bbox 282 959 430 1042; x_wconf 81' lang='lat' dir='ltr'>Pachyno,</span> <span class='ocrx_word' id='word_1_61' title='bbox 453 963 517 1038; x_wconf 90' lang='lat' dir='ltr'>tibi,</span> <span class='ocrx_word' id='word_1_62' title='bbox 540 961 678 1042; x_wconf 79' lang='lat' dir='ltr'>Lilybaeo</span> <span class='ocrx_word' id='word_1_63' title='bbox 700 978 785 1022; x_wconf 88' lang='lat' dir='ltr'>cmra</span> <span class='ocrx_word' id='word_1_64' title='bbox 808 968 993 1040; x_wconf 88' lang='lat' dir='ltr'>premuntur,</span> 
     </span>
     <span class='ocr_line' id='line_1_11' title="bbox 170 1044 1036 1129; baseline -0.001 -22"><span class='ocrx_word' id='word_1_65' title='bbox 170 1046 307 1125; x_wconf 83' lang='lat' dir='ltr'>degravat</span> <span class='ocrx_word' id='word_1_66' title='bbox 328 1050 422 1110; x_wconf 75' lang='lat' dir='ltr'>Aetna</span> <span class='ocrx_word' id='word_1_67' title='bbox 445 1056 550 1129; x_wconf 70' lang='lat' dir='ltr'>capula</span> <span class='ocrx_word' id='word_1_68' title='bbox 573 1045 628 1107; x_wconf 88' lang='lat' dir='ltr'>sub</span> <span class='ocrx_word' id='word_1_69' title='bbox 651 1063 709 1125; x_wconf 94' lang='lat' dir='ltr'>qua</span> <span class='ocrx_word' id='word_1_70' title='bbox 730 1044 888 1126; x_wconf 86' lang='lat' dir='ltr'>resupinus</span> <span class='ocrx_word' id='word_1_71' title='bbox 910 1045 1036 1107; x_wconf 88' lang='lat' dir='ltr'>harenas</span> 
     </span>
     <span class='ocr_line' id='line_1_12' title="bbox 169 1128 981 1214; baseline 0 -23"><span class='ocrx_word' id='word_1_72' title='bbox 169 1131 274 1193; x_wconf 82' lang='lat' dir='ltr'>eiectat</span> <span class='ocrx_word' id='word_1_73' title='bbox 296 1131 502 1214; x_wconf 84' lang='lat' dir='ltr'>flammamque</span> <span class='ocrx_word' id='word_1_74' title='bbox 525 1131 608 1192; x_wconf 79' lang='lat' dir='ltr'>ferox</span> <span class='ocrx_word' id='word_1_75' title='bbox 629 1129 718 1191; x_wconf 86' lang='lat' dir='ltr'>vomit</span> <span class='ocrx_word' id='word_1_76' title='bbox 740 1149 791 1192; x_wconf 85' lang='lat' dir='ltr'>ore</span> <span class='ocrx_word' id='word_1_77' title='bbox 812 1128 981 1210; x_wconf 81' lang='lat' dir='ltr'>Typhoeus.</span> 
     </span>
     <span class='ocr_line' id='line_1_13' title="bbox 169 1215 826 1297; baseline 0.002 -21"><span class='ocrx_word' id='word_1_78' title='bbox 169 1233 257 1297; x_wconf 88' lang='lat' dir='ltr'>saepe</span> <span class='ocrx_word' id='word_1_79' title='bbox 278 1217 410 1280; x_wconf 83' lang='lat' dir='ltr'>remoliri</span> <span class='ocrx_word' id='word_1_80' title='bbox 432 1218 559 1278; x_wconf 90' lang='lat' dir='ltr'>luctatur</span> <span class='ocrx_word' id='word_1_81' title='bbox 581 1215 711 1296; x_wconf 87' lang='lat' dir='ltr'>pondera</span> <span class='ocrx_word' id='word_1_82' title='bbox 734 1225 826 1277; x_wconf 87' lang='lat' dir='ltr'>terrae</span> 
     </span>
     <span class='ocr_line' id='line_1_14' title="bbox 169 1299 1000 1382; baseline -0.002 -21"><span class='ocrx_word' id='word_1_83' title='bbox 169 1302 336 1382; x_wconf 88' lang='lat' dir='ltr'>oppidaque</span> <span class='ocrx_word' id='word_1_84' title='bbox 359 1312 387 1363; x_wconf 91' lang='lat' dir='ltr'>et</span> <span class='ocrx_word' id='word_1_85' title='bbox 409 1318 532 1380; x_wconf 90' lang='lat' dir='ltr'>magnos</span> <span class='ocrx_word' id='word_1_86' title='bbox 553 1299 704 1363; x_wconf 78' lang='lat' dir='ltr'>devolvere</span> <span class='ocrx_word' id='word_1_87' title='bbox 726 1318 852 1380; x_wconf 89' lang='lat' dir='ltr'>corpore</span> <span class='ocrx_word' id='word_1_88' title='bbox 873 1310 1000 1360; x_wconf 88' lang='lat' dir='ltr'>montes.</span> 
     </span>
     <span class='ocr_line' id='line_1_15' title="bbox 168 1384 964 1467; baseline -0.006 -19"><span class='ocrx_word' id='word_1_89' title='bbox 168 1386 238 1449; x_wconf 89' lang='lat' dir='ltr'>inde</span> <span class='ocrx_word' id='word_1_90' title='bbox 260 1387 360 1448; x_wconf 91' lang='lat' dir='ltr'>tremit</span> <span class='ocrx_word' id='word_1_91' title='bbox 382 1386 478 1460; x_wconf 88' lang='lat' dir='ltr'>tellus,</span> <span class='ocrx_word' id='word_1_92' title='bbox 501 1395 531 1447; x_wconf 87' lang='lat' dir='ltr'>et</span> <span class='ocrx_word' id='word_1_93' title='bbox 552 1404 603 1449; x_wconf 85' lang='lat' dir='ltr'>rex</span> <span class='ocrx_word' id='word_1_94' title='bbox 625 1395 709 1467; x_wconf 87' lang='lat' dir='ltr'>paret</span> <span class='ocrx_word' id='word_1_95' title='bbox 730 1386 794 1466; x_wconf 88' lang='lat' dir='ltr'>ipse</span> <span class='ocrx_word' id='word_1_96' title='bbox 815 1384 964 1458; x_wconf 83' lang='lat' dir='ltr'>silentum,</span> 
     </span>
     <span class='ocr_line' id='line_1_16' title="bbox 169 1468 856 1552; baseline -0.003 -20"><span class='ocrx_word' id='word_1_97' title='bbox 169 1490 207 1532; x_wconf 91' lang='lat' dir='ltr'>ne</span> <span class='ocrx_word' id='word_1_98' title='bbox 230 1479 327 1552; x_wconf 91' lang='lat' dir='ltr'>pateat</span> <span class='ocrx_word' id='word_1_99' title='bbox 348 1471 467 1551; x_wconf 93' lang='lat' dir='ltr'>latoque</span> <span class='ocrx_word' id='word_1_100' title='bbox 489 1469 585 1532; x_wconf 91' lang='lat' dir='ltr'>solum</span> <span class='ocrx_word' id='word_1_101' title='bbox 607 1480 755 1549; x_wconf 87' lang='lat' dir='ltr'>retegatur</span> <span class='ocrx_word' id='word_1_102' title='bbox 775 1468 856 1531; x_wconf 91' lang='lat' dir='ltr'>hiatu</span> 
     </span>
     <span class='ocr_line' id='line_1_17' title="bbox 168 1553 932 1638; baseline -0.003 -21"><span class='ocrx_word' id='word_1_103' title='bbox 168 1556 368 1635; x_wconf 88' lang='lat' dir='ltr'>inmissusque</span> <span class='ocrx_word' id='word_1_104' title='bbox 390 1555 453 1617; x_wconf 90' lang='lat' dir='ltr'>dies</span> <span class='ocrx_word' id='word_1_105' title='bbox 474 1555 655 1638; x_wconf 83' lang='lat' dir='ltr'>trepidantes</span> <span class='ocrx_word' id='word_1_106' title='bbox 676 1564 784 1617; x_wconf 89' lang='lat' dir='ltr'>terreat</span> <span class='ocrx_word' id='word_1_107' title='bbox 805 1553 932 1616; x_wconf 88' lang='lat' dir='ltr'>umbras.</span> 
     </span>
     <span class='ocr_line' id='line_1_18' title="bbox 254 1639 1065 1720; baseline 0 -20"><span class='ocrx_word' id='word_1_108' title='bbox 254 1639 339 1701; x_wconf 89' lang='lat' dir='ltr'>lianc</span> <span class='ocrx_word' id='word_1_109' title='bbox 360 1652 496 1703; x_wconf 90' lang='lat' dir='ltr'>metuens</span> <span class='ocrx_word' id='word_1_110' title='bbox 518 1641 631 1703; x_wconf 89' lang='lat' dir='ltr'>cladem</span> <span class='ocrx_word' id='word_1_111' title='bbox 653 1640 806 1702; x_wconf 88' lang='lat' dir='ltr'>tenebrosa</span> <span class='ocrx_word' id='word_1_112' title='bbox 829 1639 898 1701; x_wconf 88' lang='lat' dir='ltr'>sede</span> <span class='ocrx_word' id='word_1_113' title='bbox 921 1648 1065 1720; x_wconf 79' lang='lat' dir='ltr'>tyrannus</span> 
     </span>
     <span class='ocr_line' id='line_1_19' title="bbox 168 1725 887 1806; baseline -0.004 -18"><span class='ocrx_word' id='word_1_114' title='bbox 168 1725 278 1788; x_wconf 87' lang='lat' dir='ltr'>exierat</span> <span class='ocrx_word' id='word_1_115' title='bbox 298 1742 449 1806; x_wconf 88' lang='lat' dir='ltr'>curruque</span> <span class='ocrx_word' id='word_1_116' title='bbox 470 1737 601 1788; x_wconf 88' lang='lat' dir='ltr'>atrorum</span> <span class='ocrx_word' id='word_1_117' title='bbox 622 1736 721 1787; x_wconf 86' lang='lat' dir='ltr'>vectus</span> <span class='ocrx_word' id='word_1_118' title='bbox 743 1744 887 1806; x_wconf 87' lang='lat' dir='ltr'>equorum</span> 
     </span>
     <span class='ocr_line' id='line_1_20' title="bbox 167 1809 874 1873; baseline -0.003 -1"><span class='ocrx_word' id='word_1_119' title='bbox 167 1809 296 1872; x_wconf 87' lang='lat' dir='ltr'>ambibat</span> <span class='ocrx_word' id='word_1_120' title='bbox 318 1809 435 1873; x_wconf 81' lang='lat' dir='ltr'>Siculae</span> <span class='ocrx_word' id='word_1_121' title='bbox 457 1817 560 1872; x_wconf 91' lang='lat' dir='ltr'>cautus</span> <span class='ocrx_word' id='word_1_122' title='bbox 581 1809 749 1873; x_wconf 77' lang='lat' dir='ltr'>fundamina</span> <span class='ocrx_word' id='word_1_123' title='bbox 771 1820 874 1872; x_wconf 85' lang='lat' dir='ltr'>terrae.</span> 
     </span>
     <span class='ocr_line' id='line_1_21' title="bbox 167 1893 1006 1977; baseline -0.001 -22"><span class='ocrx_word' id='word_1_124' title='bbox 167 1905 324 1977; x_wconf 90' lang='lat' dir='ltr'>postquam</span> <span class='ocrx_word' id='word_1_125' title='bbox 348 1894 531 1975; x_wconf 84' lang='lat' dir='ltr'>exploratum</span> <span class='ocrx_word' id='word_1_126' title='bbox 554 1895 624 1957; x_wconf 82' lang='lat' dir='ltr'>uatis</span> <span class='ocrx_word' id='word_1_127' title='bbox 645 1906 690 1957; x_wconf 86' lang='lat' dir='ltr'>est</span> <span class='ocrx_word' id='word_1_128' title='bbox 710 1894 774 1958; x_wconf 91' lang='lat' dir='ltr'>loca</span> <span class='ocrx_word' id='word_1_129' title='bbox 796 1893 876 1956; x_wconf 93' lang='lat' dir='ltr'>nulla</span> <span class='ocrx_word' id='word_1_130' title='bbox 898 1893 1006 1964; x_wconf 88' lang='lat' dir='ltr'>labare,</span> 
     </span>
     <span class='ocr_line' id='line_1_22' title="bbox 166 1979 996 2061; baseline -0.001 -20"><span class='ocrx_word' id='word_1_131' title='bbox 166 1979 362 2061; x_wconf 89' lang='lat' dir='ltr'>depositoque</span> <span class='ocrx_word' id='word_1_132' title='bbox 384 1989 476 2056; x_wconf 88' lang='lat' dir='ltr'>metu,</span> <span class='ocrx_word' id='word_1_133' title='bbox 497 1980 576 2043; x_wconf 84' lang='lat' dir='ltr'>videt</span> <span class='ocrx_word' id='word_1_134' title='bbox 597 1981 678 2043; x_wconf 91' lang='lat' dir='ltr'>hunc</span> <span class='ocrx_word' id='word_1_135' title='bbox 698 1980 823 2061; x_wconf 73' lang='lat' dir='ltr'>Erycina</span> <span class='ocrx_word' id='word_1_136' title='bbox 844 1987 996 2060; x_wconf 85' lang='lat' dir='ltr'>vagantem</span> 
     </span>
     <span class='ocr_line' id='line_1_23' title="bbox 166 2064 1021 2146; baseline 0 -20"><span class='ocrx_word' id='word_1_137' title='bbox 166 2074 269 2126; x_wconf 88' lang='lat' dir='ltr'>monte</span> <span class='ocrx_word' id='word_1_138' title='bbox 290 2083 345 2126; x_wconf 92' lang='lat' dir='ltr'>suo</span> <span class='ocrx_word' id='word_1_139' title='bbox 369 2066 510 2140; x_wconf 86' lang='lat' dir='ltr'>residens,</span> <span class='ocrx_word' id='word_1_140' title='bbox 533 2075 695 2146; x_wconf 85' lang='lat' dir='ltr'>natumque</span> <span class='ocrx_word' id='word_1_141' title='bbox 716 2064 848 2146; x_wconf 83' lang='lat' dir='ltr'>amplexa</span> <span class='ocrx_word' id='word_1_142' title='bbox 871 2065 1021 2126; x_wconf 83' lang='lat' dir='ltr'>volucrem</span> 
     </span>
     <span class='ocr_line' id='line_1_24' title="bbox 167 2149 1053 2230; baseline -0.002 -18"><span class='ocrx_word' id='word_1_143' title='bbox 167 2168 269 2227; x_wconf 88' lang='lat' dir='ltr'>„arma</span> <span class='ocrx_word' id='word_1_144' title='bbox 291 2168 457 2230; x_wconf 87' lang='lat' dir='ltr'>manusque</span> <span class='ocrx_word' id='word_1_145' title='bbox 478 2168 570 2223; x_wconf 87' lang='lat' dir='ltr'>meae,</span> <span class='ocrx_word' id='word_1_146' title='bbox 592 2168 667 2223; x_wconf 88' lang='lat' dir='ltr'>mea,</span> <span class='ocrx_word' id='word_1_147' title='bbox 688 2159 764 2225; x_wconf 87' lang='lat' dir='ltr'>nata,</span> <span class='ocrx_word' id='word_1_148' title='bbox 788 2149 950 2230; x_wconf 86' lang='lat' dir='ltr'>potentia“,</span> <span class='ocrx_word' id='word_1_149' title='bbox 972 2149 1053 2223; x_wconf 86' lang='lat' dir='ltr'>dixit,</span> 
     </span>
     <span class='ocr_line' id='line_1_25' title="bbox 168 2231 991 2316; baseline 0 -21"><span class='ocrx_word' id='word_1_150' title='bbox 168 2234 247 2312; x_wconf 89' lang='lat' dir='ltr'>„illa,</span> <span class='ocrx_word' id='word_1_151' title='bbox 272 2234 382 2314; x_wconf 84' lang='lat' dir='ltr'>quibus</span> <span class='ocrx_word' id='word_1_152' title='bbox 403 2253 526 2316; x_wconf 88' lang='lat' dir='ltr'>superas</span> <span class='ocrx_word' id='word_1_153' title='bbox 548 2253 661 2309; x_wconf 89' lang='lat' dir='ltr'>omnes,</span> <span class='ocrx_word' id='word_1_154' title='bbox 684 2253 755 2316; x_wconf 89' lang='lat' dir='ltr'>cape</span> <span class='ocrx_word' id='word_1_155' title='bbox 778 2235 843 2308; x_wconf 88' lang='lat' dir='ltr'>tela,</span> <span class='ocrx_word' id='word_1_156' title='bbox 866 2231 991 2315; x_wconf 89' lang='lat' dir='ltr'>Cupido,</span> 
     </span>
     <span class='ocr_line' id='line_1_26' title="bbox 167 2318 861 2402; baseline -0.001 -21"><span class='ocrx_word' id='word_1_157' title='bbox 167 2321 258 2400; x_wconf 90' lang='lat' dir='ltr'>inque</span> <span class='ocrx_word' id='word_1_158' title='bbox 280 2320 327 2381; x_wconf 88' lang='lat' dir='ltr'>dei</span> <span class='ocrx_word' id='word_1_159' title='bbox 350 2330 454 2402; x_wconf 92' lang='lat' dir='ltr'>pectus</span> <span class='ocrx_word' id='word_1_160' title='bbox 476 2321 587 2382; x_wconf 87' lang='lat' dir='ltr'>celeres</span> <span class='ocrx_word' id='word_1_161' title='bbox 609 2320 712 2382; x_wconf 87' lang='lat' dir='ltr'>molire</span> <span class='ocrx_word' id='word_1_162' title='bbox 733 2318 861 2398; x_wconf 87' lang='lat' dir='ltr'>sagittas,</span> 
     </span>
     <span class='ocr_line' id='line_1_27' title="bbox 166 2402 907 2485; baseline -0.004 -18"><span class='ocrx_word' id='word_1_163' title='bbox 166 2405 215 2467; x_wconf 85' lang='lat' dir='ltr'>aui</span> <span class='ocrx_word' id='word_1_164' title='bbox 237 2402 363 2485; x_wconf 91' lang='lat' dir='ltr'>triplicis</span> <span class='ocrx_word' id='word_1_165' title='bbox 384 2405 473 2468; x_wconf 90' lang='lat' dir='ltr'>cessit</span> <span class='ocrx_word' id='word_1_166' title='bbox 494 2406 613 2467; x_wconf 80' lang='lat' dir='ltr'>fortuna</span> <span class='ocrx_word' id='word_1_167' title='bbox 637 2404 791 2466; x_wconf 84' lang='lat' dir='ltr'>novissima</span> <span class='ocrx_word' id='word_1_168' title='bbox 813 2404 907 2484; x_wconf 80' lang='lat' dir='ltr'>regni.</span> 
     </span>
     <span class='ocr_line' id='line_1_28' title="bbox 166 2489 961 2571; baseline -0.001 -21"><span class='ocrx_word' id='word_1_169' title='bbox 166 2498 199 2551; x_wconf 93' lang='lat' dir='ltr'>tu</span> <span class='ocrx_word' id='word_1_170' title='bbox 221 2508 346 2570; x_wconf 88' lang='lat' dir='ltr'>superos</span> <span class='ocrx_word' id='word_1_171' title='bbox 370 2492 526 2571; x_wconf 91' lang='lat' dir='ltr'>ipsumque</span> <span class='ocrx_word' id='word_1_172' title='bbox 548 2490 656 2564; x_wconf 82' lang='lat' dir='ltr'>lovem,</span> <span class='ocrx_word' id='word_1_173' title='bbox 679 2500 710 2552; x_wconf 93' lang='lat' dir='ltr'>tu</span> <span class='ocrx_word' id='word_1_174' title='bbox 734 2490 855 2552; x_wconf 93' lang='lat' dir='ltr'>numina</span> <span class='ocrx_word' id='word_1_175' title='bbox 877 2489 961 2570; x_wconf 89' lang='lat' dir='ltr'>ponti</span> 
     </span>
     <span class='ocr_line' id='line_1_29' title="bbox 166 2572 1245 2656; baseline -0.002 -21"><span class='ocrx_word' id='word_1_176' title='bbox 166 2575 241 2636; x_wconf 86' lang='lat' dir='ltr'>ricta</span> <span class='ocrx_word' id='word_1_177' title='bbox 264 2575 365 2636; x_wconf 92' lang='lat' dir='ltr'>domas</span> <span class='ocrx_word' id='word_1_178' title='bbox 386 2576 554 2656; x_wconf 89' lang='lat' dir='ltr'>ipsumque,</span> <span class='ocrx_word' id='word_1_179' title='bbox 576 2576 652 2656; x_wconf 87' lang='lat' dir='ltr'>regit</span> <span class='ocrx_word' id='word_1_180' title='bbox 674 2575 725 2656; x_wconf 91' lang='lat' dir='ltr'>qui</span> <span class='ocrx_word' id='word_1_181' title='bbox 748 2575 870 2637; x_wconf 91' lang='lat' dir='ltr'>numina</span> <span class='ocrx_word' id='word_1_182' title='bbox 893 2572 989 2654; x_wconf 87' lang='lat' dir='ltr'>ponti.</span> <span class='ocrx_word' id='word_1_183' title='bbox 1200 2580 1245 2633; x_wconf 83' lang='grc'>346</span> 
     </span>
     <span class='ocr_line' id='line_1_30' title="bbox 166 2659 1031 2740; baseline -0.005 -18"><span class='ocrx_word' id='word_1_184' title='bbox 166 2669 272 2722; x_wconf 87' lang='lat' dir='ltr'>tartara</span> <span class='ocrx_word' id='word_1_185' title='bbox 295 2660 366 2740; x_wconf 86' lang='lat' dir='ltr'>quid</span> <span class='ocrx_word' id='word_1_186' title='bbox 388 2659 526 2723; x_wconf 77' lang='lat' dir='ltr'>cessant?</span> <span class='ocrx_word' id='word_1_187' title='bbox 548 2680 601 2723; x_wconf 89' lang='lat' dir='ltr'>our</span> <span class='ocrx_word' id='word_1_188' title='bbox 623 2679 684 2722; x_wconf 93' lang='lat' dir='ltr'>non</span> <span class='ocrx_word' id='word_1_189' title='bbox 706 2660 865 2740; x_wconf 87' lang='lat' dir='ltr'>matrisque</span> <span class='ocrx_word' id='word_1_190' title='bbox 887 2669 1031 2738; x_wconf 89' lang='lat' dir='ltr'>tuumque</span> 
     </span>
    </p>
   </div>
   <div class='ocr_carea' id='block_1_3' title="bbox 165 2809 1242 2946">
    <p class='ocr_par' dir='ltr' id='par_1_3' title="bbox 165 2809 1242 2946">
     <span class='ocr_line' id='line_1_31' title="bbox 165 2809 1242 2878; baseline -0.005 -14"><span class='ocrx_word' id='word_1_191' title='bbox 165 2810 205 2876; x_wconf 82' lang='lat' dir='ltr'>M,</span> <span class='ocrx_word' id='word_1_192' title='bbox 224 2815 253 2863; x_wconf 81' lang='lat' dir='ltr'>in</span> <span class='ocrx_word' id='word_1_193' title='bbox 270 2827 357 2878; x_wconf 83' lang='lat' dir='ltr'>marg.</span> <span class='ocrx_word' id='word_1_194' title='bbox 376 2811 482 2863; x_wconf 80' lang='lat' dir='ltr'>addidit</span> <span class='ocrx_word' id='word_1_195' title='bbox 499 2813 562 2863; x_wconf 84' lang='lat' dir='ltr'>olim</span> <span class='ocrx_word' id='word_1_196' title='bbox 580 2827 615 2862; x_wconf 85' lang='lat' dir='ltr'>m.</span> <span class='ocrx_word' id='word_1_197' title='bbox 635 2813 663 2874; x_wconf 86' lang='grc'>4,·</span> <span class='ocrx_word' id='word_1_198' title='bbox 681 2813 729 2864; x_wconf 77' lang='grc'>342</span> <span class='ocrx_word' id='word_1_199' title='bbox 753 2814 783 2861; x_wconf 82' lang='lat' dir='ltr'>io</span> <span class='ocrx_word' id='word_1_200' title='bbox 802 2809 820 2860; x_wconf 88' lang='lat' dir='ltr'>B</span> <span class='ocrx_word' id='word_1_201' title='bbox 839 2812 872 2860; x_wconf 84' lang='lat' dir='ltr'>ab</span> <span class='ocrx_word' id='word_1_202' title='bbox 890 2809 946 2860; x_wconf 85' lang='lat' dir='ltr'>alia</span> <span class='ocrx_word' id='word_1_203' title='bbox 964 2824 1048 2859; x_wconf 82' lang='lat' dir='ltr'>mauu</span> <span class='ocrx_word' id='word_1_204' title='bbox 1066 2811 1242 2876; x_wconf 76' lang='lat' dir='ltr'>interpositus</span> 
     </span>
     <span class='ocr_line' id='line_1_32' title="bbox 167 2878 1242 2946; baseline -0.006 -13"><span class='ocrx_word' id='word_1_205' title='bbox 167 2882 217 2939; x_wconf 87' lang='grc'>343</span> <span class='ocrx_word' id='word_1_206' title='bbox 235 2881 328 2932; x_wconf 89' lang='lat' dir='ltr'>cereris</span> <span class='ocrx_word' id='word_1_207' title='bbox 347 2879 483 2932; x_wconf 84' lang='lat' dir='ltr'>sumustB</span> <span class='ocrx_word' id='word_1_208' title='bbox 537 2883 570 2946; x_wconf 86' lang='lat' dir='ltr'>(st</span> <span class='ocrx_word' id='word_1_209' title='bbox 588 2879 673 2930; x_wconf 81' lang='lat' dir='ltr'>addit.</span> <span class='ocrx_word' id='word_1_210' title='bbox 691 2881 724 2930; x_wconf 83' lang='lat' dir='ltr'>ab</span> <span class='ocrx_word' id='word_1_211' title='bbox 742 2895 776 2929; x_wconf 86' lang='lat' dir='ltr'>m.</span> <span class='ocrx_word' id='word_1_212' title='bbox 793 2883 856 2943; x_wconf 81' lang='lat' dir='ltr'>rec.)</span> <span class='ocrx_word' id='word_1_213' title='bbox 908 2892 998 2929; x_wconf 86' lang='lat' dir='ltr'>sumus</span> <span class='ocrx_word' id='word_1_214' title='bbox 1015 2878 1073 2929; x_wconf 83' lang='lat' dir='ltr'>aad.</span> <span class='ocrx_word' id='word_1_215' title='bbox 1092 2878 1242 2944; x_wconf 79' lang='lat' dir='ltr'>Bernegga·</span> 
     </span>
    </p>
   </div>
   <div class='ocr_carea' id='block_1_4' title="bbox 165 2978 1243 3082">
    <p class='ocr_par' dir='ltr' id='par_1_4' title="bbox 165 2978 1243 3082">
     <span class='ocr_line' id='line_1_33' title="bbox 165 2978 1243 3082; baseline -0.003 -16"><span class='ocrx_word' id='word_1_216' title='bbox 165 3019 261 3066; x_wconf 69' lang='lat' dir='ltr'>rianio</span> <span class='ocrx_word' id='word_1_217' title='bbox 278 3016 383 3066; x_wconf 71' lang='lat' dir='ltr'>Heinsio·</span> <span class='ocrx_word' id='word_1_218' title='bbox 460 3019 509 3068; x_wconf 85' lang='grc'>344</span> <span class='ocrx_word' id='word_1_219' title='bbox 535 2978 631 3081; x_wconf 59' lang='grc' dir='ltr'>ροεεῗιῃ</span> <span class='ocrx_word' id='word_1_220' title='bbox 649 3014 674 3065; x_wconf 95' lang='grc' dir='ltr'><strong>Μ</strong></span> <span class='ocrx_word' id='word_1_221' title='bbox 721 3013 854 3082; x_wconf 85' lang='lat' dir='ltr'>possimB</span> <span class='ocrx_word' id='word_1_222' title='bbox 925 3017 974 3066; x_wconf 90' lang='grc'>345</span> <span class='ocrx_word' id='word_1_223' title='bbox 997 3013 1108 3064; x_wconf 83' lang='lat' dir='ltr'>camnine</span> <span class='ocrx_word' id='word_1_224' title='bbox 1127 3011 1243 3079; x_wconf 88' lang='lat' dir='ltr'>dignaB</span> 
     </span>
    </p>
   </div>
   <div class='ocr_carea' id='block_1_5' title="bbox 165 3078 1241 3217">
    <p class='ocr_par' dir='ltr' id='par_1_5' title="bbox 165 3078 1241 3217">
     <span class='ocr_line' id='line_1_34' title="bbox 166 3078 1241 3201; baseline -0.003 -67"><span class='ocrx_word' id='word_1_225' title='bbox 166 3085 276 3134; x_wconf 87' lang='lat' dir='ltr'>carmina</span> <span class='ocrx_word' id='word_1_226' title='bbox 295 3088 338 3149; x_wconf 80' lang='lat' dir='ltr'>(na</span> <span class='ocrx_word' id='word_1_227' title='bbox 356 3087 375 3135; x_wconf 83' lang='lat' dir='ltr'>i.</span> <span class='ocrx_word' id='word_1_228' title='bbox 393 3083 468 3149; x_wconf 87' lang='lat' dir='ltr'>r.)ll</span> <span class='ocrx_word' id='word_1_229' title='bbox 522 3084 637 3136; x_wconf 84' lang='lat' dir='ltr'>doa·est</span> <span class='ocrx_word' id='word_1_230' title='bbox 657 3091 726 3134; x_wconf 81' lang='lat' dir='ltr'>certe</span> <span class='ocrx_word' id='word_1_231' title='bbox 744 3083 767 3135; x_wconf 91' lang='lat' dir='ltr'>d.</span> <span class='ocrx_word' id='word_1_232' title='bbox 787 3098 809 3135; x_wconf 94' lang='lat' dir='ltr'>c.</span> <span class='ocrx_word' id='word_1_233' title='bbox 828 3078 938 3201; x_wconf 73' lang='lat' dir='ltr'>diqnai</span> <span class='ocrx_word' id='word_1_234' title='bbox 984 3088 1024 3133; x_wconf 87' lang='lat' dir='ltr'>est</span> <span class='ocrx_word' id='word_1_235' title='bbox 1043 3097 1126 3133; x_wconf 83' lang='lat' dir='ltr'>om.a</span> <span class='ocrx_word' id='word_1_236' title='bbox 1173 3086 1241 3132; x_wconf 88' lang='lat' dir='ltr'>certa</span> 
     </span>
     <span class='ocr_line' id='line_1_35' title="bbox 165 3148 1241 3217; baseline -0.003 -14"><span class='ocrx_word' id='word_1_237' title='bbox 165 3151 191 3203; x_wconf 98' lang='grc' dir='ltr'><strong>Μ</strong></span> <span class='ocrx_word' id='word_1_238' title='bbox 238 3154 287 3204; x_wconf 88' lang='grc'>346</span> <span class='ocrx_word' id='word_1_239' title='bbox 306 3149 456 3204; x_wconf 77' lang='lat' dir='ltr'>coniectai</span> <span class='ocrx_word' id='word_1_240' title='bbox 490 3152 615 3204; x_wconf 76' lang='lat' dir='ltr'>iniectas</span> <span class='ocrx_word' id='word_1_241' title='bbox 668 3155 715 3204; x_wconf 89' lang='grc'>344</span> <span class='ocrx_word' id='word_1_242' title='bbox 735 3150 837 3202; x_wconf 87' lang='lat' dir='ltr'>tinacris</span> <span class='ocrx_word' id='word_1_243' title='bbox 923 3151 972 3202; x_wconf 84' lang='grc'>346</span> <span class='ocrx_word' id='word_1_244' title='bbox 992 3148 1144 3217; x_wconf 81' lang='lat' dir='ltr'>sydereasa</span> <span class='ocrx_word' id='word_1_245' title='bbox 1191 3151 1241 3200; x_wconf 86' lang='grc'>343</span> 
     </span>
    </p>
   </div>
   <div class='ocr_carea' id='block_1_6' title="bbox 166 3241 1243 3391">
    <p class='ocr_par' dir='ltr' id='par_1_6' title="bbox 166 3241 1243 3391">
     <span class='ocr_line' id='line_1_36' title="bbox 166 3241 1243 3391; baseline -0.002 -34"><span class='ocrx_word' id='word_1_246' title='bbox 166 3241 357 3372; x_wconf 47' lang='grc' dir='ltr'><strong>4ξὲ4ῗ43414ᾙιεεε</strong></span> <span class='ocrx_word' id='word_1_247' title='bbox 418 3307 467 3357; x_wconf 89' lang='grc'><strong>350</strong></span> <span class='ocrx_word' id='word_1_248' title='bbox 486 3304 540 3368; x_wconf 90' lang='lat' dir='ltr'>sed]</span> <span class='ocrx_word' id='word_1_249' title='bbox 560 3301 641 3357; x_wconf 70' lang='lat' dir='ltr'>subi</span> <span class='ocrx_word' id='word_1_250' title='bbox 701 3307 749 3358; x_wconf 79' lang='grc'><strong>352</strong></span> <span class='ocrx_word' id='word_1_251' title='bbox 767 3306 836 3371; x_wconf 74' lang='lat' dir='ltr'>,llqua</span> <span class='ocrx_word' id='word_1_252' title='bbox 855 3307 933 3391; x_wconf 60' lang='lat' dir='ltr'>(arcp.</span> <span class='ocrx_word' id='word_1_253' title='bbox 951 3307 976 3365; x_wconf 93' lang='grc'>4)</span> <span class='ocrx_word' id='word_1_254' title='bbox 995 3301 1020 3354; x_wconf 90' lang='grc' dir='ltr'><strong>Μ</strong></span> <span class='ocrx_word' id='word_1_255' title='bbox 1081 3304 1131 3357; x_wconf 86' lang='grc'>353</span> <span class='ocrx_word' id='word_1_256' title='bbox 1149 3306 1243 3356; x_wconf 89' lang='lat' dir='ltr'>eiaclat</span> 
     </span>
    </p>
   </div>
   <div class='ocr_carea' id='block_1_7' title="bbox 165 3398 1244 3576">
    <p class='ocr_par' dir='ltr' id='par_1_7' title="bbox 165 3398 1244 3576">
     <span class='ocr_line' id='line_1_37' title="bbox 165 3398 1242 3506; baseline -0.001 -15"><span class='ocrx_word' id='word_1_257' title='bbox 165 3439 187 3491; x_wconf 85' lang='lat' dir='ltr'>R</span> <span class='ocrx_word' id='word_1_258' title='bbox 239 3439 327 3496; x_wconf 76' lang='lat' dir='ltr'>feroc</span> <span class='ocrx_word' id='word_1_259' title='bbox 397 3443 446 3493; x_wconf 90' lang='grc'>354</span> <span class='ocrx_word' id='word_1_260' title='bbox 463 3444 533 3492; x_wconf 75' lang='lat' dir='ltr'>rias</span> <span class='ocrx_word' id='word_1_261' title='bbox 585 3439 746 3492; x_wconf 79' lang='lat' dir='ltr'>remollirin</span> <span class='ocrx_word' id='word_1_262' title='bbox 815 3398 925 3506; x_wconf 57' lang='lat' dir='ltr'>pondeare</span> <span class='ocrx_word' id='word_1_263' title='bbox 944 3439 969 3491; x_wconf 95' lang='grc' dir='ltr'><strong>Μ</strong></span> <span class='ocrx_word' id='word_1_264' title='bbox 1039 3442 1089 3494; x_wconf 89' lang='grc'><strong>356</strong></span> <span class='ocrx_word' id='word_1_265' title='bbox 1115 3440 1200 3492; x_wconf 87' lang='lat' dir='ltr'>tremit</span> <span class='ocrx_word' id='word_1_266' title='bbox 1216 3439 1242 3490; x_wconf 88' lang='lat' dir='ltr'>M</span> 
     </span>
     <span class='ocr_line' id='line_1_38' title="bbox 165 3505 1244 3576; baseline -0.001 -16"><span class='ocrx_word' id='word_1_267' title='bbox 165 3512 187 3568; x_wconf 84' lang='lat' dir='ltr'>(t</span> <span class='ocrx_word' id='word_1_268' title='bbox 200 3511 280 3574; x_wconf 75' lang='lat' dir='ltr'>prim</span> <span class='ocrx_word' id='word_1_269' title='bbox 297 3511 315 3559; x_wconf 83' lang='grc' dir='ltr'>ι’.</span> <span class='ocrx_word' id='word_1_270' title='bbox 333 3509 366 3573; x_wconf 84' lang='lat' dir='ltr'>r.)</span> <span class='ocrx_word' id='word_1_271' title='bbox 419 3508 550 3576; x_wconf 87' lang='lat' dir='ltr'>premitB</span> <span class='ocrx_word' id='word_1_272' title='bbox 603 3516 679 3576; x_wconf 87' lang='lat' dir='ltr'>paret</span> <span class='ocrx_word' id='word_1_273' title='bbox 697 3523 748 3559; x_wconf 87' lang='lat' dir='ltr'>om.</span> <span class='ocrx_word' id='word_1_274' title='bbox 766 3505 797 3559; x_wconf 64' lang='grc' dir='ltr'>λ*</span> <span class='ocrx_word' id='word_1_275' title='bbox 860 3511 909 3561; x_wconf 87' lang='grc'>354</span> <span class='ocrx_word' id='word_1_276' title='bbox 929 3514 1018 3575; x_wconf 86' lang='lat' dir='ltr'>pareat</span> <span class='ocrx_word' id='word_1_277' title='bbox 1035 3506 1061 3558; x_wconf 95' lang='grc' dir='ltr'><strong>Μ</strong></span> <span class='ocrx_word' id='word_1_278' title='bbox 1131 3511 1180 3562; x_wconf 88' lang='grc'>363</span> <span class='ocrx_word' id='word_1_279' title='bbox 1199 3507 1244 3559; x_wconf 89' lang='lat' dir='ltr'>de-</span> 
     </span>
    </p>
   </div>
   <div class='ocr_carea' id='block_1_8' title="bbox 164 3592 1242 3933">
    <p class='ocr_par' dir='ltr' id='par_1_8' title="bbox 164 3592 1242 3933">
     <span class='ocr_line' id='line_1_39' title="bbox 909 3592 1197 3662; baseline 0 -17"><span class='ocrx_word' id='word_1_280' title='bbox 909 3592 920 3645; x_wconf 94' lang='lat' dir='ltr'>l</span> <span class='ocrx_word' id='word_1_281' title='bbox 938 3593 1109 3662; x_wconf 89' lang='lat' dir='ltr'>depositoque</span> <span class='ocrx_word' id='word_1_282' title='bbox 1127 3597 1197 3645; x_wconf 86' lang='lat' dir='ltr'>melu</span> 
     </span>
     <span class='ocr_line' id='line_1_40' title="bbox 165 3660 1242 3778; baseline 0 -66"><span class='ocrx_word' id='word_1_283' title='bbox 165 3661 294 3778; x_wconf 76' lang='lat' dir='ltr'>positique</span> <span class='ocrx_word' id='word_1_284' title='bbox 313 3667 398 3713; x_wconf 86' lang='lat' dir='ltr'>metus</span> <span class='ocrx_word' id='word_1_285' title='bbox 412 3660 438 3712; x_wconf 94' lang='grc' dir='ltr'><strong>Μ</strong></span> <span class='ocrx_word' id='word_1_286' title='bbox 483 3678 551 3714; x_wconf 75' lang='lat' dir='ltr'>corr.</span> <span class='ocrx_word' id='word_1_287' title='bbox 570 3679 605 3713; x_wconf 74' lang='lat' dir='ltr'>aa</span> <span class='ocrx_word' id='word_1_288' title='bbox 622 3661 765 3729; x_wconf 87' lang='lat' dir='ltr'>depositoq:</span> <span class='ocrx_word' id='word_1_289' title='bbox 783 3668 860 3727; x_wconf 87' lang='lat' dir='ltr'>metu,</span> <span class='ocrx_word' id='word_1_290' title='bbox 936 3661 1109 3730; x_wconf 87' lang='lat' dir='ltr'>deposuitque</span> <span class='ocrx_word' id='word_1_291' title='bbox 1127 3668 1242 3714; x_wconf 81' lang='lat' dir='ltr'>metusa</span> 
     </span>
     <span class='ocr_line' id='line_1_41' title="bbox 164 3728 1242 3797; baseline 0.004 -19"><span class='ocrx_word' id='word_1_292' title='bbox 164 3728 230 3780; x_wconf 81' lang='lat' dir='ltr'>vidit</span> <span class='ocrx_word' id='word_1_293' title='bbox 336 3730 386 3782; x_wconf 83' lang='grc'>363</span> <span class='ocrx_word' id='word_1_294' title='bbox 405 3730 486 3794; x_wconf 85' lang='lat' dir='ltr'>regni]</span> <span class='ocrx_word' id='word_1_295' title='bbox 505 3729 623 3782; x_wconf 82' lang='lat' dir='ltr'>mundis</span> <span class='ocrx_word' id='word_1_296' title='bbox 690 3732 739 3783; x_wconf 87' lang='grc'>340</span> <span class='ocrx_word' id='word_1_297' title='bbox 758 3729 847 3783; x_wconf 90' lang='lat' dir='ltr'>domas</span> <span class='ocrx_word' id='word_1_298' title='bbox 865 3746 951 3782; x_wconf 82' lang='lat' dir='ltr'>cessas</span> <span class='ocrx_word' id='word_1_299' title='bbox 970 3747 1014 3783; x_wconf 85' lang='lat' dir='ltr'>cur</span> <span class='ocrx_word' id='word_1_300' title='bbox 1033 3747 1083 3783; x_wconf 94' lang='lat' dir='ltr'>non</span> <span class='ocrx_word' id='word_1_301' title='bbox 1103 3730 1242 3797; x_wconf 87' lang='lat' dir='ltr'>matrisque</span> 
     </span>
     <span class='ocr_line' id='line_1_42' title="bbox 165 3795 1241 3867; baseline 0 -18"><span class='ocrx_word' id='word_1_302' title='bbox 165 3795 327 3864; x_wconf 89' lang='lat' dir='ltr'>tuumqueB</span> <span class='ocrx_word' id='word_1_303' title='bbox 380 3797 490 3865; x_wconf 89' lang='lat' dir='ltr'>ipsumq,</span> <span class='ocrx_word' id='word_1_304' title='bbox 508 3799 573 3864; x_wconf 88' lang='lat' dir='ltr'>regit</span> <span class='ocrx_word' id='word_1_305' title='bbox 591 3799 634 3864; x_wconf 90' lang='lat' dir='ltr'>qui</span> <span class='ocrx_word' id='word_1_306' title='bbox 653 3799 753 3850; x_wconf 88' lang='lat' dir='ltr'>numina</span> <span class='ocrx_word' id='word_1_307' title='bbox 772 3804 839 3850; x_wconf 86' lang='lat' dir='ltr'>terre</span> <span class='ocrx_word' id='word_1_308' title='bbox 856 3797 901 3850; x_wconf 84' lang='lat' dir='ltr'>ll¹</span> <span class='ocrx_word' id='word_1_309' title='bbox 919 3802 936 3850; x_wconf 83' lang='grc' dir='ltr'>ι’.</span> <span class='ocrx_word' id='word_1_310' title='bbox 953 3816 977 3851; x_wconf 79' lang='lat' dir='ltr'>r.</span> <span class='ocrx_word' id='word_1_311' title='bbox 1025 3803 1123 3867; x_wconf 73' lang='lat' dir='ltr'>terrea</span> <span class='ocrx_word' id='word_1_312' title='bbox 1170 3799 1241 3864; x_wconf 87' lang='lat' dir='ltr'>ponti</span> 
     </span>
     <span class='ocr_line' id='line_1_43' title="bbox 164 3864 773 3933; baseline 0.002 -16"><span class='ocrx_word' id='word_1_313' title='bbox 164 3864 322 3931; x_wconf 74' lang='lat' dir='ltr'>Naugerius</span> <span class='ocrx_word' id='word_1_314' title='bbox 374 3867 422 3918; x_wconf 89' lang='grc'>344</span> <span class='ocrx_word' id='word_1_315' title='bbox 442 3870 471 3917; x_wconf 82' lang='lat' dir='ltr'>in</span> <span class='ocrx_word' id='word_1_316' title='bbox 489 3882 574 3933; x_wconf 80' lang='lat' dir='ltr'>marg.</span> <span class='ocrx_word' id='word_1_317' title='bbox 593 3865 633 3917; x_wconf 78' lang='lat' dir='ltr'>ll·</span> <span class='ocrx_word' id='word_1_318' title='bbox 685 3865 773 3919; x_wconf 86' lang='lat' dir='ltr'>om.B</span> 
     </span>
    </p>
   </div>
   <div class='ocr_carea' id='block_1_9' title="bbox 0 0 1350 4230">
    <p class='ocr_par' dir='ltr' id='par_1_9' title="bbox 0 0 1350 4230">
     <span class='ocr_line' id='line_1_44' title="bbox 0 0 1350 4230; baseline 0 1"><span class='ocrx_word' id='word_1_319' title='bbox 0 0 1350 4230; x_wconf 95' lang='lat' dir='ltr'> </span> 
     </span>
    </p>
   </div>
  </div>
 </body>
</html>
