2692 4230
134 140 265 180 uestraene
579 125 621 190 lV,
638 127 780 178 tat-but.
1169 126 1209 188 85

133 295 298 380 Tisiphone
321 317 413 362 canos
434 305 470 358 ut
490 306 551 358 erat
571 296 683 360 turbata
705 297 826 378 capillos

133 386 225 446 morit
249 394 280 446 et
302 384 457 444 obstantes
478 380 578 444 reiecit
598 383 634 446 ab
656 402 707 444 ore
728 382 864 445 colubras
1168 396 1212 447 475

133 478 223 549 atque
245 469 284 530 ita
304 459 380 527 ‘non
404 465 501 544 longis
522 485 598 549 opus
620 477 664 528 est
684 463 863 546 ambagibus'
885 466 998 550 inquit:

129 554 219 616 ‘lacta
243 561 325 633 puta,
349 567 552 633 quaecumque
572 552 664 614 iubes.
708 552 864 613 inamabtte
886 571 1010 634 regnum

134 639 238 700 desere
261 648 350 714 teque
372 634 450 697 reler
472 637 543 699 caeli
564 635 692 698 melioris
713 634 748 695 ad
770 630 874 697 auras?

134 722 209 784 laete
232 718 306 782 redit
330 718 424 796 luno;
448 740 535 802 quam
557 720 668 784 caelum
691 718 800 779 intrare
822 728 973 799 parantem

132 804 240 868 roratis
261 802 394 866 lustravit
416 807 500 886 aquis
521 804 727 868 Thaumantias
749 801 811 864 lris.

133 907 189 951 nec
211 905 304 960 mora,
326 887 489 971 Tisiphone
510 891 697 952 madefactam
719 888 862 967 sanguine
883 891 974 953 sumit

132 972 294 1053 inportuna
319 974 411 1037 lacem
434 976 583 1056 lluidoque
604 991 710 1035 cruore
731 973 885 1036 rubentem

132 1057 266 1119 induitur
289 1059 396 1140 pallam
419 1071 557 1140 tortoque
578 1057 738 1137 incingitur
757 1077 854 1138 angue

133 1141 345 1225 egrediturque
367 1148 465 1207 domo.
509 1143 620 1205 Luctus
641 1143 799 1206 comitatur
819 1156 938 1208 euntem

133 1235 162 1288 et
182 1226 278 1291 Pauor
298 1239 328 1291 et
349 1229 460 1291 Terror
480 1227 653 1308 trepidoque
674 1228 790 1290 Insania
813 1229 904 1291 rultu.

132 1310 236 1375 limine
257 1315 452 1376 constiteratr·
470 1321 569 1394 postes
590 1314 742 1375 tremuisse
768 1313 904 1376 feruntur

131 1398 237 1473 Aeolii,
260 1398 415 1479 pallorque
437 1397 516 1459 lorea
536 1398 637 1460 iniecit
657 1415 786 1470 acernas,

132 1482 236 1564 solque
258 1483 357 1544 locum
381 1482 465 1561 sugit.
509 1483 647 1545 monstris
669 1491 713 1544 est
736 1480 835 1543 territa
857 1482 997 1557 coniunx,

131 1568 252 1628 territus
273 1575 317 1627 est
340 1568 489 1629 Athamas
534 1577 669 1648 tectoque
691 1566 770 1627 exire
792 1567 948 1646 parabant:

132 1651 249 1712 obstitit
270 1649 372 1712 infelix
395 1652 564 1733 aditumque
586 1651 698 1712 obsedit
720 1651 828 1731 eringe,

132 1753 267 1816 nexaque
289 1735 416 1817 vipereis
437 1736 606 1798 distendens
628 1735 762 1798 bracchia
785 1736 870 1798 nodis

131 1821 290 1882 caesariem
312 1821 451 1883 excussit.
493 1832 590 1883 motae
611 1839 736 1883 sonuere
759 1820 897 1884 colubrae

77 1914 82 1924 ·
130 1922 259 1986 parsque
283 1904 381 1968 iacent
402 1905 521 1983 umeris,
544 1926 612 1987 pars
633 1906 742 1968 circum
765 1915 886 1988 pectora
907 1906 1007 1989 lapsae

130 1989 215 2052 sibila
238 1991 309 2052 dant
330 1991 503 2073 saniemque
523 2003 643 2053 vomunt
664 1992 823 2072 linguaque
844 2003 1010 2056 coruscant.

130 2075 200 2136 inde
223 2076 299 2136 duos
320 2076 425 2138 mediis
445 2077 594 2157 abrumpit
615 2076 745 2137 crinibus
766 2094 878 2155 angues

129 2159 329 2240 pestiferaque
352 2179 442 2222 manu
464 2170 566 2241 raptos
588 2160 707 2222 inmisit.
750 2171 778 2221 at
802 2160 844 2222 illi

129 2244 280 2325 Inoosque
302 2245 387 2306 sinus
408 2247 674 2325 Athamanteosque
695 2255 848 2326 pererrant

130 2329 338 2410 inspirantque
360 2347 464 2408 graves
484 2331 604 2392 animas.
648 2349 703 2392 nec
725 2331 844 2392 uulnera
865 2330 1005 2394 membris

80 2487 85 2494 ⁸
129 2413 190 2475 ulla
213 2413 330 2476 lerunt:
354 2434 439 2477 mens
461 2429 514 2489 est,
537 2435 611 2497 quae
632 2416 711 2477 diros
733 2415 839 2478 sentiat
860 2415 946 2477 ictus

129 2498 267 2561 attulerat
289 2518 390 2561 secum
413 2499 516 2580 liquidi
540 2519 658 2582 quoque
678 2509 808 2561 monstra
830 2500 935 2562 veneni

130 2584 192 2644 oris
214 2582 352 2646 Cerberei
374 2604 495 2666 spumas
517 2596 547 2646 et
566 2587 646 2647 virus
667 2584 815 2646 Echidnae

130 2687 306 2749 erroresque
328 2688 418 2749 vagos
438 2688 600 2749 caecaeque
621 2669 725 2731 oblivia
747 2669 854 2731 mentis

129 2763 160 2815 et
181 2755 280 2815 scelus
302 2763 332 2815 et
353 2753 487 2817 lacrimas
509 2753 676 2835 rabiemque
698 2764 727 2816 et
748 2755 845 2816 caedis
864 2772 1005 2830 amorem,

130 2839 229 2899 omnia
252 2840 319 2900 trita
343 2840 448 2916 simul;
471 2859 546 2921 quae
566 2840 709 2919 sanguine
731 2840 818 2900 mixta
840 2839 950 2901 recenti

130 2933 249 2984 coxerat
270 2941 339 2984 aere
362 2944 442 3000 cavo,
464 2925 548 2987 viridi
569 2936 678 2986 versata
701 2925 805 2986 cicuta.

129 3008 260 3088 dumque
284 3020 388 3090 pavent
411 3009 464 3085 illi,
486 3009 578 3088 uergit
599 3009 702 3070 luriale
722 3027 868 3070 venenum

130 3104 236 3174 pectus
259 3093 288 3153 in
312 3095 466 3157 amborum
489 3095 714 3177 praecordiaque
736 3095 837 3156 intima
860 3094 959 3155 morit.

200 3264 250 3312 d'ld
267 3264 339 3310 sice
385 3260 414 3312 T.
434 3268 462 3313 ut
480 3267 534 3314 erat
551 3261 671 3328 (erratll)
688 3278 766 3314 canos
783 3258 827 3312 Rl
877 3264 927 3314 ets
945 3259 1109 3313 cclubraesld
1155 3263 1207 3313 tte

130 3343 182 3380 non
200 3344 266 3395 opus
284 3333 324 3380 est
342 3328 429 3395 longis
448 3326 463 3380 l
509 3334 558 3383 4ῑ9
577 3330 765 3419 thaumantiadis)
781 3334 859 3393 (eras.
872 3334 895 3394 s)
912 3328 937 3380 hl
985 3329 1035 3381 482
1054 3325 1208 3396 duuidoq;l

129 3466 181 3517 489
199 3439 294 3530 pallient
310 3464 452 3530 recingitur
471 3461 486 3514 l
537 3428 680 3532 inelgtttrtur
697 3481 775 3532 argue
793 3463 817 3515 ll
873 3467 921 3518 tet
942 3466 989 3526 ac]
1007 3478 1116 3516 eremus
1135 3467 1206 3516 coni.

129 3532 233 3584 Merkel
300 3535 352 3586 488
370 3535 410 3583 ea'c
427 3550 454 3597 e,
467 3535 545 3598 prob.
563 3534 673 3602 Bentley
726 3541 752 3586 et
770 3531 894 3652 territasl'l
930 3531 1110 3653 “mulcta
1155 3535 1206 3586 489

129 3664 293 3736 parabatBl
339 3670 389 3721 499
408 3668 520 3736 pectora]
539 3666 680 3737 timporal
730 3673 780 3722 494
798 3665 944 3736 linguaql
995 3671 1043 3721 tet
1081 3670 1207 3735 aspirant·

130 3751 213 3804 quee
248 3737 308 3816 ‚4⁹³
325 3732 411 3788 ricl¹
445 3738 583 3789 animosh
629 3739 678 3790 499
696 3735 806 3790 durcsl
851 3742 1019 3804 bbthuoque
1036 3738 1063 3802 (c
1083 3753 1118 3787 erc
1138 3738 1162 3800 e)
1180 3735 1206 3788 ld

129 3875 180 3925 but
198 3803 322 3924 liffc'txaue
357 3868 471 3924 uncut
522 3876 572 3926 506
589 3874 666 3925 vertit
684 3875 713 3938 A,
734 3890 780 3923 em.
800 3873 910 3940 Bentley
