2692 4230
98 102 162 164 216
575 102 730 159 usuam
1050 108 1169 151 omnm

100 276 144 341 nil
165 279 222 342 nisi
245 280 384 345 cedentes
403 279 506 343 infelix
526 276 631 357 arripit
650 290 746 336 auras.

100 364 218 447 iamque
240 365 345 429 iterum
367 364 498 427 moriens
519 377 582 421 non
603 366 650 419 est
669 357 706 420 de
727 361 853 442 coniuge
874 361 1028 443 quicquam
1133 371 1173 423 dt.

101 462 202 531 questa
224 471 296 514 sno:
319 450 389 532 quid
412 447 491 510 enirn
513 443 570 505 nisi
592 461 625 504 se
647 453 819 523 quereretur
839 444 984 510 matam?

100 553 332 618 supremumque
349 525 446 599 ‘vale',
468 527 548 609 quod
569 526 626 589 iam
649 526 695 588 rix
716 527 837 591 auribus
857 531 907 594 ille

101 621 258 702 acciperet,
279 618 352 682 dixit
371 613 563 693 revolutaque
583 630 688 675 rursus
710 611 812 673 eodem
834 625 888 677 est

102 722 162 766 non
184 705 269 767 aliter
290 699 404 781 stupuit
425 697 541 777 gemina
564 715 638 759 nece
659 696 796 776 coniugis
817 697 964 780 Orpbeus,

99 807 186 869 mam
208 789 263 850 tria
286 785 337 866 qui
359 782 486 856 timidus,
508 782 605 844 medio
628 790 764 864 portante
785 791 913 855 munes,

100 873 175 935 colla
196 871 279 934 canis
299 867 385 941 ridit;
409 885 496 947 quem
518 885 581 930 non
603 885 694 949 pavor
715 875 784 929 ante
804 866 932 948 reliquit,

101 975 188 1039 mam
211 963 314 1018 natura
335 951 428 1033 prior,
450 970 519 1013 saxo
542 970 727 1034 percorpus
749 950 869 1025 oborto;

101 1042 213 1122 quique
235 1039 265 1098 in
289 1055 321 1099 se
343 1036 454 1098 crimen
477 1038 564 1099 traxit
584 1038 734 1118 voluitque
756 1035 846 1099 rideri
954 1059 985 1077 ··

101 1125 212 1186 Olenos
233 1140 297 1183 esse
320 1137 441 1197 nocens,
462 1130 566 1203 tuque,
587 1141 605 1184 o
628 1123 738 1186 confisa
760 1121 880 1202 figurae,

98 1207 199 1270 infelix
220 1206 357 1278 Lethaea,
379 1216 457 1279 tuae,
478 1207 661 1270 iunctissima
683 1207 832 1289 quondam

97 1301 229 1373 pectora,
251 1309 333 1353 nunc
354 1290 475 1373 lapides,
497 1311 573 1374 quos
593 1293 691 1355 umida
714 1292 839 1356 sustinet
859 1290 919 1358 lde.

98 1386 231 1437 orantem
254 1377 420 1458 frustraque
441 1378 549 1440 iterum
570 1378 696 1440 transire
716 1377 861 1440 volentem

97 1461 225 1541 portitor
244 1473 386 1524 arcuerat.
429 1471 543 1544 septem
567 1472 663 1524 tamen
686 1462 736 1524 ille
757 1461 862 1524 diebus

98 1547 248 1626 squalidus
270 1546 302 1609 in
324 1546 388 1627 ripa
409 1545 525 1609 Cereris
545 1546 610 1608 sinc
630 1564 754 1608 munere
775 1547 864 1607 sedit:

98 1649 169 1693 cura
191 1631 335 1711 dolorque
356 1630 445 1691 animi
466 1628 664 1710 lacrimaeque
683 1628 821 1691 alimenta
841 1629 933 1691 fuere.

100 1734 165 1778 esse
186 1718 258 1778 deos
279 1713 368 1776 Erebi
390 1712 524 1776 crudeles
546 1722 678 1795 questus,
699 1713 731 1775 in
754 1713 840 1775 altam

99 1818 131 1862 se
152 1799 257 1881 recipit
278 1797 442 1880 libodopen
464 1797 643 1880 pulsumque
664 1797 854 1880 aquilonibus
874 1796 1025 1860 Haemum.

182 1882 301 1945 'l'ertius
322 1883 476 1964 aequoreis
496 1884 645 1946 inclusum
666 1883 802 1946 Piscibus
822 1901 933 1945 annum

99 1969 215 2031 finierat
236 1967 334 2040 Titan,
355 1986 534 2049 omnemque
555 1969 704 2048 refugerat
726 1967 863 2051 Orpbeus

78 2053 254 2115 femineam
276 2053 429 2126 Venerem,
451 2071 505 2115 seu
527 2055 607 2133 quod
629 2050 705 2115 male
726 2061 854 2115 cesserat
874 2051 927 2129 illi,

98 2138 158 2201 sire
179 2138 266 2200 fidem
289 2138 417 2200 dederat
458 2137 567 2200 multas
588 2147 686 2200 tamen
708 2137 795 2199 ardor
815 2137 940 2199 babebat

98 2223 221 2303 iungere
242 2241 274 2285 se
293 2223 362 2297 rati,
383 2221 492 2285 multae
512 2221 635 2284 doluere
660 2221 805 2303 repulsae.

98 2307 148 2370 ille
170 2308 256 2368 etiam
279 2306 423 2383 Thracum
446 2307 569 2389 populis
590 2307 646 2369 fuit
666 2318 770 2369 auctor
790 2323 918 2369 amorem

98 2392 128 2452 in
153 2401 270 2454 teneros
290 2393 450 2454 transferre
470 2411 566 2454 mares
588 2392 721 2472 citraque
743 2393 889 2454 iuventam

98 2477 202 2539 aetatis
223 2476 311 2538 breve
333 2496 382 2539 ver
404 2487 433 2539 et
455 2477 567 2558 primos
588 2495 710 2559 carpere
731 2477 828 2539 flores.

182 2560 272 2623 Collis
295 2572 358 2624 erat
378 2561 543 2642 collemque
564 2580 655 2644 super
676 2561 843 2643 planissima
866 2562 961 2642 campi

97 2663 288 2792 ilidii
307 2646 426 2793 filil
449 2646 930 2812 'iltllitdllllliir

98 2815 143 2877 dis
164 2809 281 2895 genitus
302 2825 382 2876 vales
404 2826 432 2878 et
454 2816 501 2877 fila
523 2817 656 2878 sonantia
679 2816 779 2889 morit,

96 2899 199 2961 umbra
222 2899 288 2961 loco
309 2901 398 2962 renit.
442 2917 503 2962 non
526 2900 654 2963 Chaonis
676 2901 750 2963 afuit
771 2901 866 2972 arbor,

98 3002 159 3045 non
182 3003 287 3046 nemus
309 2985 473 3060 Heliadum,
497 3004 556 3048 non
579 2985 735 3048 frondibus
755 2983 890 3048 aesculus
909 2983 986 3059 altis,

98 3087 154 3130 nec
175 3069 255 3131 tiliae
276 3069 390 3141 molles,
413 3089 468 3133 nec
489 3071 574 3150 fagus
595 3081 624 3133 et
646 3070 756 3132 innuba
778 3069 888 3142 laurus,

98 3171 155 3215 nec
176 3152 267 3234 coryli
290 3154 406 3234 fragiles
427 3165 457 3217 et
478 3155 610 3217 fraxinus
632 3155 713 3217 utilis
734 3156 823 3216 bastis

165 3326 198 3375 69
216 3322 329 3375 cedentis
347 3319 363 3374 λ
420 3326 450 3376 61
471 3324 512 3375 eni
529 3322 551 3374 si
569 3323 768 3408 spbsequeretur
785 3325 903 3390 (punctis
920 3323 1044 3374 &dacto
1061 3324 1091 3373 in
1108 3339 1162 3378 ras.

99 3491 150 3527 rm.
168 3474 197 3539 2)
215 3473 241 3526 lt
301 3492 325 3527 rr.
344 3490 372 3528 se
390 3472 572 3565 sequerefuri
632 3406 773 3529 sosibius
823 3424 994 3530 bioabcrtobl
1045 3475 1163 3529 abortor

97 3613 131 3664 66
149 3609 318 3678 anmqnebl
371 3613 403 3664 os
422 3559 503 3664 olenio
520 3610 546 3663 bl
599 3610 711 3664 confism
728 3610 754 3663 bl
805 3609 920 3679 figuraf
970 3615 1002 3666 70
1019 3611 1119 3664 letbeae
1135 3608 1161 3662 ld

97 3741 168 3797 turi
213 3744 352 3798 itidaell
400 3746 591 3816 idargueratli
637 3712 785 3835 argueralf
830 3746 1013 3803 ffmnnereld
1048 3748 1163 3800 diamo-

96 3846 425 3905 risrieaeecorrratll
472 3849 740 3916 ssuotnmargltt‘
774 3851 929 3905 maslaico
975 3843 1160 3905 ouetcodtttf
