2692 4230
134 129 186 171 nm.
204 129 287 170 mutus
560 114 617 182 XV,
633 117 778 171 tte—tto.

135 287 403 368 flammiferumque
423 286 543 348 trahens
564 287 693 368 spatioso
715 287 807 350 limite
829 286 942 349 crinem

135 372 218 436 stella
239 372 338 435 micet.
382 369 502 452 neuque
522 372 626 435 videns
646 372 723 436 bene
743 374 818 436 sento
840 373 947 434 fatetur
1160 386 1205 439 856

136 476 201 520 esse
222 457 284 520 suis
304 455 415 518 maiora
438 464 468 517 et
488 456 566 519 vinei
587 459 695 537 gaudet
715 458 751 521 nb
772 457 833 520 iilo.

135 543 185 606 bio
205 561 259 606 sun
281 539 423 623 prosterni
445 559 623 622 quamquam
643 552 720 604 vetut
740 551 804 604 neta
826 542 965 624 paternis

135 626 226 690 bbere
249 627 325 688 tama
346 631 444 687 tumen
466 626 615 724 nullisque
635 625 792 688 obnoxia'
784 646 845 689 iuss
846 628 873 689 is

134 711 259 774 invitum
280 708 411 790 praefert
431 729 549 792 unaque
571 711 602 772 in
624 719 707 791 parte
729 721 885 791 repugnat

134 797 178 859 sio
198 793 298 873 magni
321 794 399 858 cedit
420 795 513 857 titulis
534 794 763 874 Agamemnonis
785 796 902 870 Atreus,

134 883 231 960 Aegra
252 877 296 940 sio
317 879 462 955 Theseus,
484 879 528 940 sio
549 878 634 940 Pelen
655 878 746 941 vineit
766 876 906 942 Achilles.

134 964 271 1044 denique,
294 973 327 1026 ut
349 962 490 1044 exemplis
511 963 593 1044 ipsos
613 961 808 1046 aequantibus
832 972 908 1036 utar,

134 1048 177 1111 sio
198 1059 228 1111 et
249 1048 398 1112 Saturnus
418 1048 517 1110 minor
539 1057 583 1112 est
603 1047 680 1111 lore.
723 1048 857 1129 iuppiter
878 1066 960 1109 arces

134 1142 278 1216 temperat
298 1131 443 1197 aetherias
465 1143 495 1196 et
514 1135 618 1196 mundi
639 1152 730 1214 regna
752 1132 903 1208 triformis,

132 1228 210 1283 terra
231 1217 287 1280 sub
309 1218 442 1297 Augusto
465 1228 519 1281 est.
563 1228 647 1300 pater
668 1228 713 1281 est
733 1228 763 1280 et
783 1226 882 1280 rector
903 1225 1038 1298 uterque.

133 1305 173 1380 di,
194 1320 313 1385 precor,
334 1305 452 1366 Aeneae
474 1303 606 1379 comites,
628 1303 736 1384 quibus
757 1303 836 1365 ensis
859 1312 888 1365 et
909 1301 986 1383 ignis

133 1396 296 1462 cesserunt,
319 1387 408 1470 dique
429 1388 577 1467 Indigetes
599 1388 773 1468 genitorque
795 1385 920 1458 Quirine

132 1471 215 1535 urbis
237 1481 266 1535 et
286 1472 390 1535 inrioti
411 1472 529 1552 genitor
550 1470 672 1534 Gmdire
694 1470 810 1543 Quirini

131 1555 278 1638 Vestaque
300 1555 459 1619 Caesareos
481 1557 559 1619 inter
579 1566 690 1620 snomtn
712 1565 834 1638 penates
910 1587 914 1596 ·

132 1653 250 1705 etcum
273 1640 413 1704 &morea
435 1651 477 1720 tu,
498 1642 618 1704 Phoebe
638 1641 808 1715 domestice,
830 1639 926 1717 Vesta,

132 1727 243 1808 quique
264 1733 350 1788 tenes
371 1725 448 1789 altus
469 1727 609 1808 Tarpeios
629 1727 764 1809 luppiter
785 1744 878 1801 eroes,

132 1828 266 1893 quosque
287 1810 362 1874 alios
382 1812 440 1873 rati
462 1811 506 1874 ins
526 1811 675 1892 appellare
696 1811 838 1893 piumque
861 1820 920 1872 ests
1013 1849 1016 1856 -

131 1896 213 1958 tarda
235 1895 275 1958 sit
296 1895 344 1958 illa
366 1895 431 1957 dies
452 1904 481 1958 et
504 1905 607 1958 nostro
628 1896 722 1959 serior
742 1913 823 1969 aevo,

131 1999 189 2063 qun
211 1989 301 2061 eaput
322 1981 499 2060 Augustum,
522 1998 609 2061 quem
632 1989 787 2062 temperat,
808 1979 882 2042 orbe
903 1977 1005 2040 relicto

130 2065 249 2128 accedat
270 2065 351 2127 eaelo
373 2064 525 2146 faventque
546 2065 735 2148 preeuntibus
756 2064 874 2128 absens.

215 2150 336 2230 lamque
359 2168 435 2231 opus
457 2150 551 2230 exegi,
573 2152 652 2232 quod
675 2169 731 2213 neo
751 2149 858 2213 loris
849 2168 893 2212 rra
914 2166 970 2212 neo
991 2147 1069 2229 ignis

131 2253 188 2297 nee
208 2235 318 2316 poterit
337 2235 450 2297 ferrum
472 2254 530 2298 nee
552 2237 623 2299 edax
644 2235 763 2298 abolere
785 2243 923 2297 vetustus.

131 2337 199 2381 eum
221 2319 309 2395 volet,
331 2319 381 2381 itta
403 2320 476 2396 dies,
498 2339 573 2401 quae
595 2321 638 2383 nil
660 2321 717 2383 nisi
739 2320 875 2402 eorporis
896 2318 985 2380 huius

130 2404 177 2466 ius
197 2403 296 2480 habet,
319 2404 426 2466 incerti
448 2405 575 2486 spatium
596 2405 669 2467 mihi
691 2405 773 2467 finiat
794 2404 873 2466 aevi:

130 2497 213 2571 parte
234 2501 332 2551 tamen
354 2488 477 2552 meliore
498 2490 557 2552 mei
578 2490 747 2572 supersita
768 2487 910 2570 perennis

129 2584 206 2636 astra
228 2575 305 2637 iemr
327 2592 497 2655 nomenque
519 2576 575 2637 erit
596 2573 750 2637 indelebile
773 2584 917 2636 nostrum.

111 2677 248 2740 ¹qunque
270 2667 352 2739 putet
373 2659 492 2721 domitis
514 2658 645 2722 Romana
667 2659 797 2741 potentin
820 2657 917 2733 terris,

130 2761 182 2806 ore
203 2744 284 2824 legar
305 2744 409 2825 populi
431 2762 545 2826 perque
567 2745 665 2808 omnia
686 2743 801 2806 saecule
822 2743 909 2816 fama,

130 2827 228 2911 siquid
249 2827 359 2890 hebent
381 2830 439 2892 reri
461 2841 558 2892 ratum
580 2831 740 2912 praesagia,
762 2829 864 2891 rivam.

669 2979 716 3032 tt-

199 3049 248 3101 stt
262 3047 299 3100 sie
313 3062 390 3099 onus
435 3047 569 3114 magnisb
615 3062 754 3114 mrgnqsr
798 3043 996 3113 rgumenonisb
1042 3045 1092 3096 856
1108 3043 1199 3100 visite

925 3126 1017 3180 inroes

129 3198 203 3253 tot
196 3213 204 3249 ι
207 3201 277 3266 psos]
303 3197 405 3250 dirish
475 3204 516 3252 est
535 3202 615 3265 prius
637 3198 687 3250 ded.
704 3197 793 3249 Heius.
863 3199 912 3250 866
946 3194 1054 3247 edess
1120 3193 1199 3247 redes

129 3213 233 3319 Herbp⁸
285 3268 334 3320 867
354 3266 393 3318 ios
410 3267 485 3318 esth
539 3269 589 3321 868
606 3281 683 3334 quem
700 3264 833 3318 rorentis
885 3267 935 3318 880
953 3278 1003 3330 que
1021 3277 1097 3314 oms
1148 3265 1197 3315 873

129 3350 177 3387 nec
195 3333 277 3387 nisib
331 3337 381 3414 876
400 3333 580 3391 indessebilee
631 3349 655 3387 r.
672 3348 750 3386 onon
767 3346 870 3386 risoris
887 3346 977 3384 nmen
970 3345 1039 3381 mxv
1048 3330 1197 3382 emmerrb

131 3402 238 3455 Exomte
256 3417 303 3469 pro
322 3401 406 3455 anima
423 3403 537 3470 magistri
555 3401 633 3455 oridii
649 3401 732 3467 6Ιιιιιιῖ
748 3406 795 3455 est
830 3400 865 3452 Er
885 3399 1197 3452 lieitliberormnrnmu

129 3484 232 3523 rotomo
250 3483 486 3522 ueruonrnoseort
507 3471 526 3523 i
545 3470 577 3523 de
594 3471 814 3524 transmutrtionr.
873 3484 944 3522 ersus
960 3467 1077 3520 millenos
1094 3467 1135 3519 bis
1152 3481 1197 3519 sex

128 3539 156 3592 in
172 3539 261 3592 codiee
279 3538 389 3606 scriptos
403 3539 409 3607 Ι
424 3539 470 3594 sed
488 3545 526 3592 ter
543 3540 656 3608 quinque
674 3538 758 3592 minus
775 3537 885 3591 eontulit
902 3535 1032 3589 osidiusr
