2692 4230
133 181 209 222 aaut.
239 183 335 222 eronus
583 167 635 232 xu,
654 171 763 224 to-oo.

134 357 151 400 e
173 338 283 420 quibus
304 339 336 401 bi
358 355 463 400 vacuas
485 336 609 418 inplent
624 341 811 405 sermonibus
832 361 926 415 aures,

133 424 165 486 bi
188 435 303 487 narrata
327 424 425 484 ierunt
446 419 514 496 aiio,
536 442 737 509 mensuraque
758 428 818 491 doti

133 509 251 583 crescit,
273 516 303 569 et
324 505 431 568 auditis
452 505 562 589 aliquid
585 528 680 574 novus
701 512 790 575 adicit
810 522 921 576 auctor.

134 593 197 655 illic
219 590 392 665 Credulitas,
415 589 476 653 illic
499 595 672 657 temerarius
694 596 788 659 Error
872 633 876 641 -

134 695 267 757 vanaque
288 675 410 737 Laetitia
433 685 478 739 est
499 679 744 760 consternatique
765 681 898 743 Timores

134 762 307 839 Seditioque
329 779 436 841 repens
458 763 609 844 dubioque
630 773 752 824 auctore
774 764 903 827 Susurri.

133 848 207 928 ipsa,
230 845 302 923 quid
324 845 356 905 in
379 847 458 909 caelo
480 866 582 909 rerum
604 846 770 927 pelagoque
792 859 910 927 geratur

134 943 163 992 et
185 927 303 1003 tellure,
325 931 402 992 videt
425 941 580 1011 totumque
602 931 728 1012 inquirit
750 931 781 992 in
804 932 915 994 orbem.

218 1013 340 1078 Fecerat
360 1017 432 1078 haec
455 1024 558 1076 notum
581 1014 683 1077 Graias
705 1034 774 1078 cum
796 1017 888 1079 milite
912 1018 978 1079 torti

132 1099 288 1162 adventare
310 1110 398 1162 rates.
443 1118 540 1179 neque
562 1099 782 1182 inexspectatus
804 1103 835 1163 in
857 1101 945 1163 armis
1176 1111 1206 1160 65

132 1183 228 1246 bostis
250 1186 347 1248 adest:
371 1184 530 1266 prohibent
552 1185 648 1247 aditam
669 1185 799 1268 litusque
820 1196 942 1250 tuentur

132 1267 227 1332 Troes
248 1279 278 1332 et
300 1270 443 1332 Hectorea
465 1270 582 1351 primus
603 1271 729 1333 fataliter
750 1271 843 1346 hasta,

133 1353 303 1428 Protesilao,
327 1355 416 1429 cadis,
438 1354 655 1436 commissaque
677 1354 790 1436 proelia
812 1374 919 1435 magno

132 1449 212 1501 stant
233 1438 351 1514 Danais,
374 1440 519 1518 fortisque
540 1439 656 1500 animae
679 1457 753 1501 nece
775 1441 912 1518 cognitus
934 1441 1051 1503 flector.

133 1542 188 1586 neo
210 1524 342 1603 Phryges
365 1523 481 1601 exiguo,
505 1523 576 1602 quid
598 1524 725 1586 Achaica
746 1524 863 1586 dextera
885 1537 993 1606 posset,
1174 1535 1204 1585 to

132 1609 278 1688 sanguiue
300 1616 468 1669 senserunt
512 1607 622 1670 etiam
644 1607 731 1689 Sigea
753 1608 901 1671 rubebant

132 1693 228 1766 litora,
251 1693 309 1752 iam
332 1692 391 1754 leto
413 1691 514 1774 proles
535 1691 694 1775 Neptunia,
716 1692 836 1774 Cygnus

131 1777 213 1838 mille
234 1777 314 1839 viros
336 1777 464 1853 dederat,
486 1777 545 1839 iam
567 1796 658 1840 curm
680 1779 807 1841 instabat
828 1779 957 1841 Achilles

132 1870 252 1944 totaque
274 1861 407 1925 Peliacae
429 1862 579 1925 sternebat
601 1863 733 1945 cuspidis
756 1862 816 1926 ictu

131 1950 258 2027 agmina,
281 1966 394 2029 perque
416 1947 494 2009 acies
515 1957 566 2009 aut
589 1947 724 2029 Cygnum
746 1959 798 2010 aut
819 1947 946 2010 Hectora
969 1966 1113 2029 quaerens
1177 1956 1207 2007 75

131 2033 324 2111 congreditur
346 2032 458 2112 Cygno.
501 2033 650 2095 decimum
672 2032 781 2096 dilatus
802 2034 833 2094 in
855 2052 966 2095 annum
998 2039 1001 2051 '

131 2120 242 2181 flector
265 2127 335 2179 erat.
383 2125 446 2178 tum
468 2114 545 2178 colla
567 2116 638 2195 iugo
660 2118 795 2179 canentia
818 2136 936 2198 pressos

132 2205 302 2264 exhortatus
326 2220 419 2283 equos
440 2218 562 2263 currum
583 2202 688 2264 direxit
709 2202 741 2263 iu
764 2203 879 2265 bostem

131 2287 365 2366 concutiensque
388 2286 448 2349 suis
468 2285 614 2349 vibrantia
636 2287 692 2349 tela
714 2286 831 2350 lacertis

132 2371 288 2454 „quisquis
310 2391 352 2444 es,
375 2391 392 2432 o
415 2371 561 2444 iuvenis“,
582 2370 657 2434 dixit
679 2370 831 2447 „solamen
853 2370 960 2433 habeto
1177 2378 1208 2430 86

131 2457 244 2530 mortis,
266 2455 303 2516 ab
327 2455 490 2517 Haemonio
514 2455 594 2535 quod
617 2456 657 2517 sis
679 2456 828 2535 iugulatus
850 2455 992 2517 Achille.“

131 2543 274 2603 hactenus
296 2541 453 2602 Aeacides:
476 2558 579 2602 vocem
602 2541 698 2620 gravis
719 2541 802 2603 basta
823 2550 922 2603 secuta
945 2549 997 2602 est.

130 2627 181 2688 sed
205 2643 383 2706 quamquam
404 2635 482 2686 certa
506 2625 607 2688 nuilus
629 2625 684 2687 tuit
707 2644 791 2688 error
812 2627 844 2687 in
865 2626 957 2698 basta,

131 2711 173 2772 nii
196 2720 292 2772 tamen
316 2711 414 2772 emissi
437 2710 564 2790 proiecit
585 2711 721 2772 acumine
742 2710 813 2772 terri

131 2805 222 2876 utque
243 2796 343 2857 hebeti
365 2803 469 2876 pectus
491 2794 696 2856 tantummodo
719 2794 854 2857 contudit
874 2794 945 2855 ictu.
1176 2802 1206 2853 85

132 2890 221 2955 „nate
243 2881 307 2952 dea,
330 2899 398 2941 nam
420 2890 450 2941 te
471 2879 548 2941 iama
571 2880 811 2960 praenovimus“,
833 2879 931 2958 inquit

130 2964 180 3026 iiie
204 2965 294 3044 „quid
318 2964 443 3025 anobis
464 2964 572 3026 vulnus
594 2966 711 3027 miraris
732 2962 874 3026 abessei“

131 3049 305 3127 (mirabatur
327 3050 429 3123 enim.)
474 3067 558 3125 „non
580 3050 664 3124 haec,
687 3067 776 3130 quam
798 3048 905 3120 cornis,
928 3047 1044 3128 equinis

129 3134 208 3196 tuiva
231 3134 308 3195 iubis
330 3134 420 3195 cassis
442 3153 540 3214 neque
563 3153 641 3196 onus
662 3153 730 3196 cava
753 3152 853 3214 parma
875 3132 1009 3194 sinistrae

130 3218 238 3281 auxilio
262 3219 333 3280 mihi
355 3228 441 3303 sunt:
465 3219 555 3281 decor
577 3228 622 3280 est
644 3219 793 3300 quaesitus
815 3218 851 3279 ab
874 3218 947 3278 istis.
1178 3223 1208 3274 96

198 3425 231 3474 56
250 3436 323 3472 auras
341 3419 366 3470 bi
430 3421 463 3470 66
488 3417 684 3485 consumatique
701 3416 727 3468 bi
791 3421 821 3472 61
842 3432 931 3468 recens
949 3417 1026 3477 dibri,
1050 3430 1141 3481 repens
1159 3429 1209 3466 em.

130 3490 218 3539 Heius.
271 3491 303 3541 bd
322 3488 396 3552 baec]
416 3484 502 3538 hocbi
556 3502 613 3538 curu
632 3482 749 3538 limite).
799 3488 831 3538 di
851 3482 1022 3537 baoctoreabi
1075 3481 1209 3533 hectora).

130 3560 162 3609 69
187 3557 261 3607 danai
286 3554 311 3606 bi
384 3554 555 3621 iortesquod
626 3554 811 3621 anim'dljneque
834 3552 859 3604 bi
929 3566 1012 3621 noque
1038 3569 1064 3613 r,
1088 3553 1210 3601 correxit

130 3625 258 3691 Hupgem
276 3625 438 3688 (Bm-monn,
455 3621 516 3689 apli.
535 3625 612 3688 epist.
630 3622 672 3672 111
687 3623 798 3688 tarsq.)
862 3625 894 3673 'td
913 3636 959 3673 ner
978 3617 1087 3688 parisii
1149 3634 1210 3686 pos-

816 3703 919 3757 mm

129 3774 200 3827 sitii
265 3779 294 3828 ii
316 3778 386 3841 sigea
405 3775 576 3826 ed..1untirro
639 3773 775 3840 signataC
836 3721 973 3840 signatae
1037 3775 1068 3825 7³
1086 3786 1209 3826 currus:

129 3844 252 3895 stabatd
323 3842 463 3899 Achillisc
532 3846 564 3894 ib
583 3840 736 3894 Hectorei!
807 3845 838 3892 Π
858 3839 1004 3894 baectordi
1073 3838 1208 3891 candentia

129 3913 218 3964 iterna.
271 3916 303 3966 65
322 3908 465 3964 contulitt
519 3914 551 3964 86
570 3916 647 3962 nante
666 3906 766 3962 iamai
818 3913 850 3962 §9
869 3910 935 3961 iuuis
953 3907 980 3958 nt
