2692 4230
125 108 167 169 36
583 118 735 175 metuunt.
749 160 752 165 ⁴
1075 136 1196 175 citrrsro

126 296 189 351 tum
211 289 294 364 sciet,
297 289 486 389 ignipedum
507 290 584 351 vires
605 300 744 372 expertus
765 308 918 381 equorum,

126 393 188 436 non
210 376 352 437 meruisse
375 394 486 449 necem,
509 373 559 454 qui
581 391 642 434 non
665 374 741 435 bene
761 377 870 439 rexerit
875 369 975 438 illos’

126 460 194 521 talia
216 461 361 523 dicentem
384 463 574 522 circumstent
594 458 694 520 omnia
714 458 814 521 Solem

126 545 259 619 numina,
281 564 354 607 neve
374 545 443 604 velit
463 541 600 604 tenebras
622 543 764 604 inducere
783 544 882 623 rebus,

126 629 261 711 supplice
281 648 354 691 voce
374 637 494 706 rogant:
517 625 622 687 missos
643 645 763 707 quoque
783 626 943 710 luppiter
935 649 1019 713 ignes

126 724 246 777 excusat
266 713 461 795 precibusque
482 709 577 771 minas
597 710 734 789 regaliter
761 712 849 773 addit

126 800 238 878 colligit
260 807 389 861 amentes
410 804 438 855 et
459 794 554 855 adbuc
575 804 689 856 terrore
710 805 849 876 parentes

125 883 263 947 Phoebus
284 899 377 963 equos
396 878 574 959 stimuloque
595 879 699 941 dolens
720 888 750 941 et
769 879 890 941 verbere
910 885 1016 946 saevit:

125 969 216 1030 saevit
237 969 315 1030 enim
339 975 496 1044 natumque
517 963 644 1027 obiectat
665 976 694 1027 ct
715 965 832 1046 inputat
858 964 922 1026 illis

212 1053 250 1114 tt
270 1059 354 1132 pater
375 1050 562 1130 omnipotens
582 1051 715 1131 ingentia
735 1048 851 1112 moenia
874 1050 944 1110 caeli

125 1136 240 1207 circuit,
263 1145 292 1196 et
314 1153 351 1195 ne
373 1133 442 1214 quid
464 1134 637 1198 labefactum
659 1136 771 1199 viribus
791 1133 869 1215 ignis

124 1228 253 1293 cerrum,
275 1218 416 1300 explorat.
459 1238 533 1300 quae
554 1231 709 1303 postquam
732 1223 814 1283 firma
836 1219 940 1300 suique

123 1303 240 1366 roboris
263 1323 328 1366 esse
347 1305 434 1378 ridet,
455 1316 547 1367 terras
568 1306 781 1387 bominumque
801 1305 916 1368 labores

124 1388 275 1469 perspicit.
318 1390 457 1452 Arcadiae
478 1400 575 1452 tamen
598 1402 643 1452 est
662 1392 817 1472 inpensior
836 1390 879 1453 illi

124 1491 196 1534 cura
219 1493 304 1536 suae:
328 1475 482 1556 fontesque
503 1488 533 1536 et
555 1477 686 1538 nondum
707 1475 843 1537 audentia
865 1474 959 1537 labi

123 1557 247 1622 llumina
268 1560 406 1640 restituit,
427 1560 476 1621 dat
495 1568 591 1622 terrae
611 1560 753 1658 gramina,
774 1560 893 1621 frondes

124 1642 290 1718 arboribus,
312 1644 462 1740 laesasque
483 1644 564 1705 iubet
585 1645 762 1706 revirescere
782 1644 877 1706 silvas

124 1727 194 1789 dum
217 1729 292 1791 redit
312 1728 393 1809 itque
415 1729 593 1808 frequens,
585 1747 615 1789 ιιι
639 1729 751 1809 virgine
772 1728 937 1790 Nonacrina

124 1813 227 1892 haesit,
250 1823 278 1874 et
300 1813 412 1894 accepti
433 1811 548 1873 caluere
569 1813 624 1873 sub
647 1813 792 1875 ossibus
784 1831 876 1892 ignes.
1038 1815 1043 1824 '

124 1915 186 1958 non
210 1909 271 1959 crat
292 1897 380 1958 huius
402 1914 477 1977 opus
498 1896 593 1957 lanam
616 1897 731 1958 mollire
752 1897 894 1958 trahendo

124 2000 181 2043 nce
203 1981 300 2062 positu
322 1981 432 2042 variare
454 2000 568 2055 comas3
592 2000 659 2042 cara
681 1981 769 2043 fibula
792 1990 911 2054 vestem,

124 2066 194 2126 vitta
216 2076 388 2127 coercuerat
411 2066 560 2144 neglectos
581 2066 645 2127 alba
668 2065 800 2146 capillos,

125 2160 156 2211 et
176 2151 266 2212 modo
288 2151 351 2212 leve
371 2160 460 2212 manu
483 2151 619 2226 iaculum,
641 2152 729 2212 modo
751 2159 914 2231 sumpserat
939 2168 1050 2223 arcum,

124 2235 210 2298 miles
232 2245 295 2297 erat
315 2235 463 2297 Phoebes:
487 2254 541 2297 nec
562 2236 715 2297 llaenalon
737 2236 830 2316 attigit
853 2235 910 2297 ulla

125 2321 235 2399 gmtior
256 2322 311 2381 hac
332 2319 452 2382 Triviae.
495 2322 545 2382 sed
569 2321 648 2381 nulla
670 2322 801 2402 potentia
823 2321 909 2398 longa
932 2330 988 2382 est.

125 2405 249 2466 ulterius
270 2405 367 2466 medio
388 2406 512 2486 spatium
534 2406 577 2465 sol
600 2405 679 2466 altus
702 2405 835 2479 habebat,

125 2508 193 2551 cum
215 2489 295 2551 subit
316 2489 364 2551 illa
387 2508 499 2560 nemus,
521 2491 598 2570 quod
622 2490 700 2552 nulla
723 2491 867 2553 ceciderat
887 2498 974 2552 aetas

125 2575 207 2637 exuit
227 2575 276 2636 bic
298 2592 399 2636 umero
422 2575 587 2656 pharetram
609 2575 765 2656 lentosque
786 2573 913 2637 retendit

125 2678 222 2735 meus,
244 2661 335 2740 inque
355 2660 429 2734 solo,
451 2660 530 2740 quod
552 2669 662 2721 texerat
682 2660 781 2732 herba,
803 2659 914 2721 iacebat

125 2754 156 2806 et
176 2745 284 2826 pictam
307 2746 401 2825 posita
422 2746 585 2826 pharetram
608 2746 720 2806 cervice
744 2745 903 2826 premebat.

122 2828 260 2932 luppiter
281 2838 313 2890 ut
334 2830 404 2891 vidit
423 2831 526 2891 lessam
548 2839 576 2891 et
597 2831 719 2892 custode
740 2839 898 2904 vacantem,

122 2907 195 2976 ‘boc
216 2924 295 2976 certe
317 2914 426 2976 lurtum
448 2916 577 2978 coniunx
598 2934 662 2978 mea
685 2910 804 2977 nesciet’
821 2914 932 3021 ipquit,

123 2991 189 3061 ‘aut
209 3000 234 3061 si
255 2999 396 3074 rescierit,
418 3009 488 3061 sunt
508 3018 526 3060 o
549 3013 620 3063 sunt
641 3001 735 3080 iurgia
755 2994 848 3062 tanti?

125 3085 266 3165 protinus
286 3084 418 3146 induitur
438 3086 539 3146 taciem
561 3086 733 3166 cultumque
754 3084 863 3146 Dianae
1149 3092 1193 3142 tlt

126 3178 216 3288 atque
237 3170 293 3230 ait·
312 3162 515 3244 ‘ocomitum,
536 3171 628 3249 virgo,
656 3189 726 3252 pars
746 3187 805 3231 una
827 3185 967 3242 mearum,

196 3322 245 3373 992
265 3326 350 3376 tumr
417 3321 549 3386 igniferum
568 3319 592 3371 lll
662 3323 711 3373 993
730 3315 861 3371 reserati
927 3318 976 3368 399
1000 3315 1192 3383 stimulolqzll

126 3389 177 3442 4112
205 3388 319 3441 circulllit
344 3386 370 3439 ld
439 3392 487 3440 4115
514 3389 636 3455 prospicit
663 3385 678 3439 l
749 3388 798 3438 tue
825 3384 974 3436 reviviscere
1001 3403 1016 3440 r
1068 3386 1118 3436 412
1148 3400 1194 3450 po·

1057 3465 1116 3517 cui²
1158 3471 1182 3520 tls

127 3526 178 3576 situ
177 3483 221 3576 ⁸bl
231 3519 363 3642 prosum
389 3524 509 3591 positast
538 3523 570 3575 cl.
580 3522 670 3574 medic.
680 3523 697 3576 l.
713 3525 742 3576 19
786 3522 908 3572 tttcasa
922 3523 1046 3582 conteris
1043 3520 1098 3573 ubi
1118 3517 1134 3571 λ
1151 3521 1192 3572 cui

127 3595 213 3657 (ι’)
177 3609 200 3643 r.
309 3606 380 3643 cure
429 3591 501 3657 huie,
495 3594 629 3719 ,qt„
587 3596 629 3655 ut,
652 3590 697 3643 sed
715 3591 812 3656 reliqui
830 3587 904 3638 codd.
973 3591 1021 3641 tte
1041 3585 1195 3641 melanoni

559 3683 588 3720 ce

128 3731 177 3781 ttt
192 3727 306 3795 spacium
325 3725 434 3783 medior
484 3729 534 3779 tlt
553 3726 704 3777 excidente
751 3727 801 3778 419
818 3723 967 3775 bumerosr
1000 3724 1154 3791 leuteasqne
1167 3721 1192 3775 Μ

121 3865 174 3910 m
121 3862 333 3925 pharetram
345 3859 448 3914 soluat
490 3865 539 3914 421
552 3861 574 3913 si
566 3807 717 3914 Γξέἰιιιίῑλ
755 3789 1001 3929 stabiliiiaquett
1027 3856 1193 3928 vultusqucl
