2692 4230
224 123 352 162 camuros
660 107 698 166 lll,
716 110 860 162 oso-eat.

226 282 353 344 eveniet:
378 279 575 361 nequeenim
597 277 756 359 dignabere
779 299 888 343 numen
912 282 1037 354 honore,

226 385 333 448 meque
354 368 408 430 sub
430 367 476 427 bis
499 362 627 425 tenebris
649 367 772 430 nimium
794 367 901 428 vidisse
923 357 1073 447 quereris?

226 452 293 515 talia
314 454 459 514 dicentem
481 448 636 529 proturbat
657 451 790 513 Echione
812 461 909 512 natus.

226 538 302 600 dicta
325 538 397 598 fides
418 534 561 614 sequitur,
583 552 784 617 responsaque
805 536 877 595 vatis
899 547 1037 614 aguntur.

226 621 315 683 Liber
335 621 426 691 adest,
448 617 587 698 festisque
609 621 739 682 fremunt
761 618 920 680 ululatibus
942 621 1020 697 agri:

226 706 311 767 turba
334 704 403 775 ruit,
424 702 588 785 mixtaeque
609 706 679 766 viris
700 712 866 782 matresque
889 721 1043 781 nurusque

226 791 390 867 vulgusque
409 805 607 870 proceresque
629 790 727 868 ignota
749 787 784 848 ad
807 806 887 848 sacra
911 789 1057 849 seruntur.

223 869 304 953 ‘quis
318 873 411 941 furor,
432 873 625 953 anguigenae,
646 873 745 955 proies
766 873 914 945 blarortia,
936 882 1046 933 vestras

225 957 352 1019 attonuit
373 954 521 1020 mentes‘l'
546 959 694 1020 Pentheus
714 958 768 1019 ait:
787 951 908 1019 ‘aerane
930 967 1044 1020 tantum

226 1060 293 1102 aere
315 1043 431 1123 repulsa
454 1045 550 1106 valent
571 1052 600 1104 et
621 1043 736 1103 adunco
757 1042 827 1103 tibia
850 1061 943 1104 cornu

228 1136 257 1188 et
278 1129 408 1207 magicae
429 1130 555 1196 fraudes,
577 1136 611 1187 ut
632 1146 707 1207 quos
729 1146 788 1188 non
813 1126 936 1188 bellicus
957 1127 1049 1200 ensis,

227 1230 288 1273 non
312 1213 382 1275 tuba
404 1215 549 1285 terruerit,
573 1229 633 1273 non
655 1212 764 1274 strictis
785 1214 901 1291 agmina
924 1212 999 1286 telis,

227 1297 371 1361 femineae
391 1316 477 1359 voces
498 1307 529 1357 et
549 1306 626 1358 mota
649 1297 763 1360 insania
784 1299 853 1358 rino

226 1382 407 1462 obscenique
427 1400 531 1461 greges
553 1392 583 1443 et
605 1382 703 1444 inania
725 1392 862 1463 tympana
884 1377 1024 1442 vincant?

226 1486 328 1542 nosne,
350 1485 446 1539 senes,
467 1467 565 1538 mirer,
588 1469 638 1547 qui
662 1468 748 1546 longa
771 1485 825 1548 per
846 1484 973 1547 aequora
995 1466 1071 1528 vecti

226 1553 282 1614 bac
304 1553 415 1630 Tyron,
437 1553 491 1612 bac
513 1553 655 1633 prologos
677 1551 817 1632 posuistis
838 1551 907 1612 sede
929 1560 1063 1632 penates,

227 1656 309 1699 nuno
329 1637 425 1697 sinitis
446 1637 510 1698 sine
530 1637 622 1698 llarte
643 1634 734 1717 capi?
754 1655 856 1709 vosne,
878 1637 974 1696 acrior
996 1645 1086 1710 aetas,

226 1739 245 1782 o
267 1723 397 1795 invenes,
419 1722 600 1802 propiorque
621 1738 713 1793 meae,
735 1740 811 1802 quos
831 1739 911 1783 arma
934 1730 1044 1794 tenere,

227 1825 288 1868 non
310 1806 438 1886 thyrsos,
460 1805 600 1886 galeaque
620 1808 690 1885 tegi,
713 1825 774 1867 non
796 1806 912 1878 lronde,
935 1803 1080 1867 decebat?
1186 1816 1189 1823 '

227 1902 298 1965 este,
321 1909 436 1973 precor,
457 1909 613 1964 memores,
635 1910 692 1971 qua
714 1892 778 1953 sitis
799 1892 893 1973 stirpe
914 1892 1017 1966 creati,

226 1977 364 2057 illiusque
385 1976 508 2048 animos,
530 1977 581 2056 qui
604 1976 712 2038 multos
734 1976 858 2059 perdidit
881 1995 969 2049 unus,

226 2063 333 2123 sumite
354 2062 517 2142 serpentisl
539 2080 593 2141 pro
616 2062 748 2123 lontibus
769 2061 819 2123 ille
840 2062 966 2140 lacuque

226 2146 356 2208 interiit:
378 2158 407 2206 at
428 2164 479 2206 vos
502 2164 556 2225 pro
578 2147 653 2206 larua
675 2146 785 2208 vincite
808 2144 916 2206 vestra!

227 2231 277 2292 ille
299 2230 378 2292 dedit
400 2230 457 2291 leto
480 2230 580 2303 sortes,
603 2249 655 2291 vos
677 2231 777 2312 pellite
798 2225 902 2291 molles

228 2328 257 2377 et
278 2315 407 2396 patrium
429 2315 553 2377 retinete
574 2316 673 2377 decus.
717 2316 741 2377 si
763 2318 822 2378 lata
844 2314 981 2376 vetabant

227 2411 305 2462 stare
325 2401 376 2462 diu
398 2400 523 2474 Thebas,
544 2402 655 2462 utinam
678 2411 824 2463 tormenta
845 2400 960 2480 virique

228 2486 344 2547 moenia
367 2485 527 2559 diruerent,
549 2487 719 2567 ferrumque
740 2486 878 2567 ignisque
900 2483 1055 2546 sonarent!

228 2588 359 2632 essemus
381 2570 478 2632 miseri
494 2572 558 2633 sine
580 2573 713 2645 crimine,
735 2589 859 2650 sorsque
882 2568 1041 2650 querenda,

229 2674 290 2717 non
312 2655 432 2717 celanda
454 2657 539 2728 loret,
561 2656 757 2735 lacrimaeque
778 2656 892 2736 pudore
914 2662 1059 2714 carerent.

227 2751 258 2802 at
279 2759 361 2802 nunc
382 2759 398 2801 a
419 2758 512 2820 puero
535 2740 653 2801 Thebae
676 2743 830 2822 capientur
852 2738 968 2811 inermi,

229 2844 316 2906 quem
340 2844 437 2905 neque
459 2824 533 2886 bella
556 2827 655 2886 iurant
677 2845 732 2887 nee
754 2825 811 2887 tela
834 2843 890 2886 nec
911 2841 984 2884 usus
1006 2840 1161 2902 equorum,

229 2912 277 2972 sed
301 2911 408 2972 madidi
431 2928 529 2971 murra
551 2911 648 2971 crines
670 2911 833 2991 mollesque
856 2927 984 2970 coronae
1260 2919 1303 2968 555

230 3014 420 3076 purpuraque
442 3006 468 3056 et
492 2996 578 3075 pictis
600 2997 741 3056 intextum
764 2996 892 3056 vestibus
914 3010 1028 3055 aurum.

230 3099 317 3160 quem
341 3081 456 3160 quidem
479 3099 533 3159 ego
556 3090 686 3142 actutum
708 3082 808 3164 (prodo
829 3099 881 3140 vos
902 3080 1044 3152 absistite)
1065 3095 1168 3155 cogam

1207 3271 1269 3309 vius

299 3318 348 3368 524
361 3322 387 3366 et
400 3317 518 3370 veniere
547 3317 666 3367 evenient
679 3318 747 3365 coni.
760 3315 848 3365 Heius.
900 3314 1093 3381 blfiplurbate
1140 3315 1305 3365 morumne

230 3387 280 3436 530
299 3383 443 3449 uulgusque
461 3391 485 3435 et
504 3400 655 3450 proceresc
719 3385 767 3436 532
786 3382 897 3433 attonuit
913 3383 995 3434 schol.
1014 3383 1050 3432 ad
1067 3383 1135 3432 Stet.
1156 3381 1233 3433 Theb.
1253 3382 1307 3432 Vll

1206 3460 1242 3513 la

233 3520 281 3571 464
332 3517 466 3569 attollith
516 3520 551 3570 ait
570 3536 620 3570 om.
638 3517 662 3569 ll
732 3520 781 3570 534
800 3517 1029 3570 bellicullensisbl
1100 3521 1148 3570 535
1167 3517 1306 3569 uincente

230 3589 281 3640 539
299 3602 314 3638 a
332 3587 414 3641 tiroc
465 3586 667 3654 acplugoslll¹
729 3592 834 3653 penates
852 3593 873 3645 tt
891 3586 969 3649 aad)
987 3584 1013 3636 bl
1075 3588 1126 3636 540
1145 3586 1305 3636 ros-carior

230 3651 263 3705 λ’
281 3658 364 3715 (corr.
381 3670 415 3707 m.
433 3660 498 3720 ree.)
549 3660 599 3708 545
618 3653 727 3706 lrondrb'
745 3650 776 3704 λ’
798 3666 842 3713 tm.
860 3671 913 3706 ree.
932 3671 1001 3706 corr.
1020 3659 1030 3703 l
1047 3671 1082 3704 ex
1100 3654 1126 3716 d)
1155 3652 1305 3716 llllpndrbus

231 3721 256 3774 bl
298 3721 461 3775 frondibuse
511 3726 561 3775 546
579 3725 623 3776 sed
643 3740 721 3776 rose
772 3725 820 3774 547
840 3737 887 3773 ros
905 3723 1031 3774 vincitee
1077 3726 1127 3773 545
1145 3717 1306 3773 vetabunt).

231 3793 281 3843 549
299 3791 390 3843 thebas
407 3791 519 3852 (beau)
537 3791 575 3842 li·
627 3796 677 3846 550
696 3792 762 3857 ignis
781 3790 956 3858 ferrumque:
1009 3792 1058 3843 553
1077 3805 1090 3841 a
1109 3806 1160 3840 om.
1179 3788 1203 3839 bl
1254 3794 1304 3842 555

231 3857 347 3911 medidus
365 3859 440 3910 mirra
458 3861 535 3911 crinis
553 3857 568 3910 l

283 3950 362 3996 orld.
377 3951 463 3993 Metam.
1095 3947 1117 3996 ‘a
