2692 4230
137 92 156 153 8
592 100 746 157 1111111111.

135 270 274 348 exululat,
296 273 461 353 frustraque
483 273 565 353 loqui
586 283 730 335 conaturz
752 273 788 333 ab
810 273 876 354 ipso

135 355 247 436 colligit
269 376 302 418 os
324 358 442 432 rabiem,
465 358 626 436 solitaeque
648 356 787 436 cupidine
808 359 905 420 caedis

133 441 256 503 vertitur
277 442 306 502 in
330 443 457 523 pecudes
479 451 509 503 et
529 458 611 501 nune
632 458 752 520 quoque
773 443 917 520 sanguine
938 441 1056 522 gaudet.
1164 448 1209 499 tao

135 525 164 587 in
187 525 271 587 villos
293 526 404 589 abeunt
424 536 528 598 restes,
550 524 581 584 in
604 542 690 585 crura
711 523 829 585 lacerti.

133 611 165 671 dt
186 609 275 691 lupus
298 620 326 672 et
346 610 454 672 veteris
474 617 569 670 serrat
589 607 709 686 vestigia
730 608 851 669 lormae

134 695 255 756 canities
277 695 376 756 eadem
399 702 453 767 est,
476 692 577 753 eadem
599 690 737 753 violentia
758 691 866 765 vultus,

133 779 209 840 idem
233 780 311 841 oculi
332 779 442 850 lucent,
465 775 565 837 eadem
587 775 741 837 lenitatis
733 793 838 856 imago.
1066 842 1070 847 ,

133 864 241 925 oceidit
263 882 321 926 una
343 862 457 923 domus.
494 860 544 921 sed
568 878 630 921 non
653 861 758 923 domus
780 879 837 922 una
860 863 957 941 perire
1058 930 1061 935 ,

133 949 219 1045 digna
242 949 314 1010 luit.
337 965 394 1027 qna
415 954 491 1007 terra
514 954 605 1027 patet,
627 947 686 1008 sera
710 953 814 1026 regnat
834 945 950 1025 Erinys.

132 1033 162 1093 in
186 1032 329 1094 lacinus
321 1047 432 1091 iurasse
454 1038 550 1110 putes
593 1032 665 1094 dent
685 1032 769 1094 ocius
794 1049 898 1092 omnes

133 1136 204 1197 quas
227 1133 361 1176 meruere
382 1113 454 1194 pati,
482 1115 525 1177 sic
546 1126 606 1179 stat
625 1117 782 1191 sententia,
804 1104 932 1198 poenas?

132 1201 208 1262 dieta
229 1199 306 1260 lovis
328 1217 397 1280 pars
416 1218 488 1263 voce
510 1201 639 1283 probant
659 1201 852 1283 stimulosque
874 1197 1011 1262 trementi

132 1284 271 1356 adiciunt,
293 1283 341 1345 alii
364 1295 463 1366 partes
484 1286 659 1348 adsensibus
678 1286 803 1367 inplent

132 1376 293 1430 esttamen
315 1371 435 1431 humani
458 1371 575 1450 generis
596 1371 707 1432 iactura
729 1369 823 1432 dolori

132 1453 280 1532 omnibus,
304 1464 342 1529 et,
365 1473 439 1535 quae
460 1454 499 1515 sit
519 1464 616 1516 terrae
638 1453 812 1516 mortalibus
834 1454 923 1514 orbae

131 1539 222 1599 torma
246 1539 353 1614 lutura,
374 1548 489 1619 rogant,
512 1540 578 1619 quis
599 1539 638 1601 sit
659 1539 771 1601 laturus
792 1537 823 1598 in
845 1556 910 1598 aras

130 1632 205 1696 tura,
226 1623 336 1685 ferisne
357 1633 440 1705 paret
460 1624 645 1705 populandas
666 1623 779 1685 tradere
800 1631 904 1684 terras.

131 1708 197 1770 talia
221 1716 395 1788 quaerentes
416 1708 483 1781 (sibi
505 1709 584 1770 enirn
607 1710 670 1771 iore
692 1718 787 1770 cetera
814 1709 913 1783 corae)

130 1811 179 1855 rex
202 1811 343 1873 superum
366 1792 511 1873 trepidare
532 1803 611 1855 vetat
631 1792 825 1872 subolemque
846 1792 939 1873 priori

131 1877 301 1939 dissimilem
323 1876 434 1956 populo
456 1877 601 1956 promittit
623 1876 738 1956 origine
760 1877 842 1937 mira.

215 1960 335 2040 lamque
356 1970 418 2021 erat
438 1960 468 2020 in
491 1969 567 2021 totas
588 1979 746 2041 sparsurus
767 1960 891 2023 fulmina
913 1970 1024 2022 terras:

130 2045 180 2106 sed
204 2045 309 2119 timuit,
332 2063 370 2105 ne
392 2046 466 2106 sorte
488 2064 571 2107 sacer
592 2057 636 2107 tot
658 2045 694 2108 ab
716 2045 835 2125 ignibus
856 2046 955 2106 aether

130 2130 301 2210 conciperet
321 2129 462 2202 flammas,
483 2130 650 2211 longusque
672 2131 836 2193 ardesceret
858 2130 936 2203 axis3

131 2233 195 2276 ease
217 2233 335 2294 quoque
358 2215 388 2274 in
411 2215 476 2275 satis
497 2216 708 2287 reminiscitur,
729 2216 829 2277 adfore
852 2224 978 2296 tempus,

131 2318 189 2380 quo
211 2317 302 2372 mare,
325 2317 384 2378 quo
407 2298 492 2361 tellus
515 2311 708 2381 correptaque
730 2301 808 2380 regia
832 2301 903 2361 eaeli

129 2384 229 2446 ardeat
251 2393 279 2445 et
300 2384 403 2444 mundi
425 2383 518 2446 moles
540 2403 663 2464 operosa
686 2384 807 2446 laboret.

129 2467 185 2530 tela
207 2478 395 2550 reponuntur
416 2470 551 2530 manibus
572 2469 711 2530 fabricata
737 2469 909 2550 cyclopum:

129 2571 224 2635 poena
247 2553 343 2634 placet
364 2554 485 2628 diversa,
508 2572 602 2633 genus
623 2553 745 2616 mortale
767 2554 822 2616 sub
845 2553 932 2615 undis

129 2638 251 2720 perdere
274 2648 358 2699 etex
382 2639 461 2699 omni
485 2639 601 2700 nimbos
623 2640 777 2701 demittere
799 2639 889 2700 caelo.

129 2722 264 2804 protinus
287 2722 395 2784 Aeoliis
417 2724 592 2804 Aquilonem
617 2724 723 2786 claudit
745 2724 774 2785 in
801 2724 894 2785 antris

129 2816 158 2869 et
180 2826 381 2888 quaecumque
403 2809 505 2888 iugant
527 2809 661 2870 inductas
683 2808 800 2870 flamina
824 2808 927 2881 nubes,

129 2893 294 2972 emittitque
315 2892 433 2953 Notum.
475 2894 599 2955 madidis
619 2894 713 2955 Notus
734 2893 828 2955 evolat
849 2892 912 2964 alis,

128 2976 289 3039 terribilem
312 2977 393 3057 picea
415 2986 510 3039 tectus
532 2979 657 3058 ealigine
677 2977 806 3039 vultum:

129 3061 217 3123 barba
241 3061 336 3141 gravis
358 3061 475 3134 nimbis
497 3064 579 3125 canis
600 3063 665 3124 duit
687 3063 765 3124 unda
787 3061 910 3144 capillis,

129 3147 225 3208 fronte
246 3147 350 3207 sedent
373 3145 507 3221 nebulae,
529 3158 827 3229 rorant·pennaeque
841 3148 994 3226 sinusque

128 3266 331 3276 —'‘'
903 3263 982 3371 '¹3³'

127 3412 153 3464 bl
194 3416 244 3467 238
263 3414 352 3466 eadem
370 3414 501 3466 feritatis
495 3430 612 3483 imagoe
652 3418 701 3469 239
719 3415 808 3469 eadem
825 3415 948 3468 violentia
966 3415 1084 3469 nultuss
1114 3416 1200 3483 imago

127 3481 203 3533 estc
238 3484 288 3535 211
305 3479 430 3550 probati
462 3485 512 3536 219
530 3489 603 3551 paret
619 3486 712 3548 (aret
701 3501 750 3536 er.
759 3501 776 3534 a
792 3483 906 3549 112111
939 3486 989 3537 251
1009 3498 1054 3536 rex
1072 3484 1200 3552 trepidare

127 3637 199 3686 vetat
211 3631 359 3723 snpemml
392 3635 592 3703 sobolemqneb
627 3638 676 3690 255
693 3641 843 3704 totusquee
876 3639 925 3690 251
938 3570 1199 3704 eorrupss'ddffrdgro

128 3765 144 3821 1.
188 3707 245 3823 dod
253 3699 348 3837 iprogpeq
359 3771 463 3824 obsessa
481 3770 506 3823 bl
568 3774 614 3826 251
636 3770 795 3827 dimitterer
847 3773 897 3828 252
915 3713 1045 3825 clauditi
1073 3773 1199 3825 elausita

128 3836 412 3906 11111ιιῑιιῑξιιῳ1ι
446 3839 582 3892 adrolata
633 3842 682 3893 255
701 3833 801 3892 vultuin
817 3839 843 3891 bl
896 3843 946 3894 255
963 3839 1031 3905 fluit]
1049 3840 1132 3893 mite
