2692 4230
101 113 164 181 280
227 194 229 198 7
423 188 426 193 ⁴
541 121 709 177 ΜΕΤΔΜΜ.
911 137 1034 176 amoenus
1051 137 1166 178 ruarmo!

102 310 189 372 quem
210 293 287 357 male
308 295 432 358 convicti
454 291 578 356 nimium
600 308 714 352 memor
733 291 788 356 iste
807 294 916 358 furoris

100 378 226 459 prodere
246 398 307 442 rem
328 380 456 442 Danaam
476 375 563 437 tinxit
583 373 743 455 flatumque
762 378 896 459 probavit

102 461 213 526 crimen
236 472 265 526 et
286 463 423 535 ostendit,
444 458 523 540 quod
545 457 603 519 iam
624 458 817 538 praefoderat,
837 482 952 527 aurum.
1132 470 1164 523 tt

101 564 171 627 ergo
192 557 243 610 aut
264 547 349 610 exilio
369 545 447 606 vires
467 541 606 604 suhduxit
626 541 753 617 Achivis,

101 642 152 694 aut
173 650 264 694 nece:
286 631 330 693 sie
349 635 472 710 pugnat,
492 624 536 687 sic
558 635 603 688 est
622 626 799 689 metuendus
820 628 928 694 Ulixes.

100 716 152 797 qui
173 715 242 778 licet
263 713 379 794 eloquio
400 710 490 772 ddum
513 728 632 792 quoque
652 709 775 773 Nestora
795 712 900 789 vincat,

99 800 177 862 haud
199 809 295 862 temen
318 795 432 872 efficiet,
455 795 603 857 desertum
625 806 660 859 ut
678 794 800 857 Nestora
822 797 933 861 crimen

101 903 166 948 esse
187 901 252 944 rear
274 879 396 942 nullum.
439 880 491 960 qui
513 898 580 942 cum
603 879 765 962 inploraret
788 878 889 942 Ulixen
1132 890 1163 943 66

98 968 220 1030 vulnere
242 965 341 1027 tardus
363 964 431 1045 equi
452 965 605 1047 lassusque
626 965 768 1028 senilibus
788 964 883 1039 annis,

100 1051 233 1134 proditus
254 1068 271 1111 a
293 1048 372 1110 socio
396 1058 448 1110 est.
492 1067 552 1110 non
575 1052 647 1113 haec
668 1049 740 1112 mihi
762 1049 885 1111 crimina
905 1049 977 1130 tingi

99 1135 155 1197 scit
174 1134 250 1195 bene
271 1133 405 1212 Tydides,
428 1133 478 1214 qui
501 1135 622 1197 nomine
642 1153 730 1216 saepe
750 1144 884 1195 uocatum

100 1217 242 1297 corripuit
264 1218 436 1299 trepidoque
456 1219 556 1299 lupam
578 1219 762 1302 exprobravit
782 1218 885 1281 amico.

99 1301 268 1383 adspiciunt
288 1301 382 1365 oculis
402 1305 501 1385 superi
523 1305 656 1366 mortalia
676 1304 778 1368 iustisl

100 1404 137 1448 en
161 1396 226 1465 eget
246 1386 363 1461 auxilio,
386 1389 436 1468 qui
458 1407 518 1451 non
540 1389 618 1463 tulit,
640 1398 731 1471 utque
751 1388 879 1470 reliquit,

99 1471 143 1533 sic
164 1471 342 1553 linquendus
363 1482 443 1535 erat:
464 1474 562 1553 legem
583 1474 639 1535 sibi
660 1475 772 1536 dixerat
793 1474 865 1555 ipse.

100 1555 263 1618 conclamat
283 1557 388 1619 socios.
431 1558 534 1619 adsum
555 1558 699 1637 videoque
719 1567 891 1620 trementem

99 1639 315 1723 pallentemque
336 1650 416 1702 metu
437 1650 468 1702 et
489 1641 683 1720 trepidantem
705 1651 799 1702 morte
819 1642 928 1704 lutura.

100 1726 226 1806 opposui
248 1725 356 1786 molem
378 1724 464 1805 clipei
486 1725 604 1806 texique
625 1724 768 1786 iacentem
958 1714 962 1738 ¹
1001 1762 1002 1765 =
1131 1735 1162 1788 to

98 1808 267 1889 servavique
287 1808 415 1870 animam
435 1842 478 1854 -
498 1810 654 1871 minimum
675 1817 722 1871 est
741 1809 800 1870 hoc
821 1809 914 1872 laudis
936 1843 977 1855 -
999 1810 1133 1874 inertem.

98 1893 965 2060 trtisstttttlttlttl,titillationi

98 2070 167 2143 post
188 2062 374 2142 clipeumque
395 2062 454 2125 late
475 2071 505 2124 et
527 2080 642 2126 mecum
665 2064 812 2126 contende
834 2064 888 2125 sub
909 2063 969 2125 illo.

98 2155 127 2208 at
149 2155 303 2227 postquam
324 2147 429 2227 eripui,
451 2147 499 2209 cui
520 2148 618 2209 standi
639 2147 759 2209 vulnera
781 2148 856 2209 vires
1128 2157 1161 2209 66

99 2249 159 2293 non
182 2232 330 2306 dederant,
353 2231 434 2293 nullo
458 2231 585 2294 tardatus
606 2231 727 2294 vulnere
748 2232 831 2312 fugit.

98 2314 208 2377 Hector
229 2316 310 2378 adest
329 2334 489 2397 secumque
510 2316 582 2377 deos
602 2316 633 2378 in
656 2316 767 2397 proelia
789 2317 879 2392 ducit,

99 2417 215 2480 quaque
235 2401 304 2474 ruit,
326 2419 386 2462 non
408 2411 440 2462 tu
461 2409 575 2464 tantum
599 2401 726 2476 terreris,
747 2400 840 2472 Ulixe,

98 2484 148 2546 sed
172 2486 262 2546 tortos
283 2483 384 2546 etiam:
407 2495 519 2547 tantum
541 2485 631 2547 trahit
651 2485 701 2547 ille
722 2486 844 2548 umoris.

98 2569 179 2631 hunc
201 2587 255 2649 ego
277 2570 454 2648 sanguineae
476 2588 615 2632 successu
636 2570 733 2632 caedis
754 2581 886 2632 ovantem
1126 2578 1160 2630 66

99 2653 214 2715 eminus
236 2654 348 2733 ingenti
369 2654 542 2736 resupinum
563 2655 695 2736 pondere
716 2655 788 2729 ludi,

97 2738 179 2799 bunc
200 2755 254 2818 ego
275 2747 455 2819 poscentem,
476 2757 545 2801 cum
568 2757 628 2820 quo
650 2748 850 2811 concurreret,
871 2757 948 2800 unus

97 2823 235 2884 sustinui.
278 2831 445 2905 sortemque
466 2842 561 2886 meam
582 2824 711 2898 vovistis,
733 2822 845 2896 Acutri,

99 2915 128 2968 et
148 2917 260 2969 vestrae
282 2909 396 2970 valuere
418 2927 530 2989 preces.
574 2908 600 2972 si
622 2909 762 2990 quaeritis
782 2908 870 2970 huius

97 2990 243 3054 fortunam
265 3011 392 3073 pugnae,
415 3011 474 3055 non
496 3010 562 3056 sum
583 3002 739 3074 superatus
759 2992 795 3055 alr
816 2991 876 3054 illo.
1129 3001 1161 3054 tu

98 3093 166 3138 ecce
189 3077 287 3138 ierunt
308 3076 401 3139 Troes
421 3079 591 3160 ferrumque
613 3078 756 3159 ignesque
777 3078 933 3157 lovemque

98 3159 128 3222 in
151 3160 265 3223 lianaas
285 3161 401 3223 classes.
443 3162 494 3224 ubi
517 3181 599 3225 nunc
619 3162 762 3225 lacundus
783 3158 904 3224 Ulixesl

98 3263 205 3326 nempe
227 3263 281 3325 ego
303 3245 382 3307 mille
404 3264 470 3308 meo
492 3247 607 3328 protexi
628 3258 747 3328 pectore
767 3265 893 3328 puppes,

166 3431 198 3485 tt
217 3445 402 3498 quam-esse
420 3430 512 3483 turcus
529 3427 556 3482 Μ
607 3430 694 3497 ipsee
744 3431 777 3483 59
795 3428 935 3485 danaum:
986 3430 1017 3481 61
1037 3425 1159 3480 exitiold

97 3498 231 3551 achivas·
287 3501 320 3553 ot
338 3503 382 3551 aut
399 3497 506 3551 Nestore
524 3495 549 3549 Μ
604 3500 636 3550 66
655 3498 745 3550 reorlr
795 3498 888 3549 ulixem
906 3495 932 3548 Μ
988 3498 1021 3550 66
1039 3494 1160 3549 rntnene

96 3568 138 3632 (ae
155 3583 191 3618 ee
207 3570 232 3631 a)
249 3563 275 3617 Μ
341 3569 373 3620 6Ἱ
393 3565 485 3618 tinxit
553 3568 586 3619 66
610 3565 697 3618 titides
714 3564 739 3617 Μ
763 3567 806 3627 (ut
826 3571 939 3631 temper)
1007 3565 1040 3617 'ld
1064 3562 1162 3617 iecerat

95 3649 203 3772 {saga
265 3723 297 3773 tt
315 3717 483 3839 trepidantem
501 3717 560 3770 edd.
578 3724 640 3771 cett.
691 3718 883 3771 notuerunt
947 3719 980 3769 ῖ6
997 3715 1056 3779 troc]
1073 3711 1159 3768 hictu

97 3789 130 3909 g}
147 3785 242 3912 ‘ozelz
301 3790 334 3842 63
366 3785 481 3840 Ῐ1ἱιιεεΜ
546 3789 579 3842 64
597 3787 662 3851 tim]
679 3786 804 3840 iurorish
869 3791 899 3840 ut
918 3785 1053 3852 ignemque
1071 3783 1161 3836 Halm.
