2692 4230
129 200 217 239 nunnus
563 182 606 248 ΙΧ,
623 184 769 236 586452·
1146 184 1207 250 209

132 377 199 421 nam
222 360 361 442 primum,
383 355 408 415 si
430 353 505 415 lacta
527 352 601 415 mihi
623 371 763 417 revocare
789 353 902 428 liceret,

133 464 194 508 non
217 445 351 526 coepisse
373 437 439 499 luit:
463 449 569 519 coepta
590 458 762 522 expugnare
783 439 946 503 secundum
968 448 1022 500 est.
1165 453 1208 506 ceo

132 531 244 612 quippe
266 545 322 590 nec
344 523 394 586 illc
415 531 522 604 potest,
545 533 579 588 ut
601 526 658 588 iam
679 544 746 588 mea
759 537 825 588 vota
840 525 1017 605 relinquam,

132 633 193 676 non
215 624 314 675 tamen
336 625 476 671 ausorum
499 627 618 692 semper
638 628 755 673 memor
776 629 841 673 esse
862 628 1007 682 meorum,

132 709 172 774 ct,
195 698 264 779 quia
285 693 432 769 desierim,
454 694 557 757 leviter
577 695 705 757 voluisse
730 695 852 757 videbor

131 781 291 846 autetiam
315 788 474 859 temptasse
495 779 579 843 illum
602 778 778 858 insidiisque
800 780 918 860 petisse,

131 867 177 929 vel
199 874 279 927 certe
301 880 362 925 non
385 865 453 941 hoc,
476 865 527 946 qui
549 863 697 948 plurimus
719 875 826 942 urguet
848 877 877 925 et
898 865 958 926 urit
1165 875 1208 926 626

129 960 252 1033 pectora
276 959 384 1026 nostra,
408 949 474 1024 deo,
498 950 549 1012 sed
571 949 648 1010 victa
669 946 794 1010 libidine
815 948 927 1010 credar.

132 1034 261 1114 denique
282 1034 340 1096 iam
362 1053 478 1116 nequeo
502 1034 544 1096 nil
567 1031 750 1095 commisisse
773 1032 942 1094 uelandum.

133 1129 163 1180 et
184 1118 291 1200 scripsi
314 1128 343 1181 et
364 1121 451 1202 petii:
476 1128 615 1181 temerata
639 1127 683 1180 cst
706 1127 806 1180 nostra
828 1117 972 1180 voluntas.

131 1213 166 1266 ut
188 1204 262 1266 nihil
282 1203 415 1280 adiciam,
439 1222 500 1266 non
522 1220 645 1284 possum
666 1201 790 1265 innoxia
811 1202 880 1265 dici.

133 1291 212 1369 quod
234 1301 379 1371 superest,
402 1288 530 1349 multum
553 1297 598 1349 est
618 1287 650 1350 in
672 1299 749 1361 rota,
772 1287 803 1349 in
825 1288 950 1350 crimina
972 1283 1112 1371 parrum?
1165 1301 1208 1352 666

132 1374 214 1451 dixit,
235 1386 266 1436 et
287 1375 428 1452 (incertae
450 1381 530 1434 tanta
553 1382 597 1434 est
619 1372 766 1435 discordia
787 1373 908 1446 mentis)

133 1478 201 1522 cum
222 1460 322 1540 pigeat
343 1467 511 1539 temptasse,
534 1457 608 1519 libet
628 1467 788 1539 temptare:
812 1456 993 1538 modumque

133 1545 192 1605 exit
214 1555 244 1605 et
265 1542 367 1605 inlelix
389 1541 545 1612 committit
567 1560 655 1624 saepe
680 1541 795 1624 repelli.

133 1647 202 1690 mox
224 1627 275 1689 ubi
297 1627 366 1688 dnis
386 1626 478 1701 abest,
502 1627 627 1709 patriam
651 1627 728 1707 lugit
751 1626 801 1689 ille
823 1627 965 1709 nelasquc

133 1714 223 1794 inque
246 1711 402 1793 peregrina
423 1713 510 1794 ponit
532 1731 607 1775 nova
629 1712 748 1774 moenia
774 1721 861 1774 terra.

216 1796 295 1859 Tum
317 1813 385 1858 sero
408 1807 548 1858 maestam
570 1807 630 1859 tota
653 1795 784 1859 Miletida
805 1806 905 1876 mente

134 1881 275 1943 defecisse
297 1882 406 1956 lerunt,
428 1892 492 1944 tum
513 1900 583 1945 vcro
605 1900 622 1943 a
645 1893 767 1964 pectore
795 1891 905 1943 restem

133 1966 256 2049 diripuit
277 1966 449 2048 planxitque
470 1985 541 2029 suos
563 1966 723 2030 furibunda
746 1968 881 2030 lacertos.

133 2051 251 2132 iamque
273 2053 368 2132 palam
391 2063 436 2114 est
457 2053 580 2114 demens
601 2053 867 2132 inconcessamque
888 2052 996 2113 latetur

133 2156 217 2219 spem
240 2136 370 2211 veneris3
393 2138 458 2199 sine
479 2155 537 2216 qua
561 2137 685 2218 patriam
708 2136 879 2217 invisosque
904 2145 1027 2217 penates
1170 2147 1214 2200 646

134 2221 243 2283 deserit
264 2233 293 2282 et
314 2221 432 2302 profugi
449 2221 585 2302 sequitur
599 2221 721 2301 vestigia
744 2220 852 2284 fratris.

135 2317 227 2387 utque
250 2316 301 2367 tuo
324 2316 431 2380 motae,
453 2306 554 2388 proles
576 2306 730 2381 Semeleia,
752 2307 855 2386 thyrso

134 2390 272 2453 lsmariac
293 2390 444 2453 celebrant
464 2392 591 2472 repetita
614 2392 743 2454 triennia
765 2390 903 2465 bacchae,

134 2475 255 2556 Byblida
278 2493 339 2536 non
361 2476 445 2538 aliter
466 2476 541 2538 latos
563 2475 694 2538 ululasse
716 2494 771 2557 per
793 2493 881 2555 agros

134 2560 296 2622 Bubasides
316 2560 415 2622 ridere
437 2580 541 2623 nurus.
587 2561 695 2641 quibus
717 2560 767 2622 illa
790 2560 901 2623 relictis
1171 2572 1214 2623 625

132 2644 223 2707 Caras
245 2656 275 2707 ct
295 2644 449 2706 armiferos
471 2646 595 2726 Lelegas
617 2646 797 2727 Lyciamque
819 2657 959 2727 pererrat

135 2730 192 2791 iam
215 2729 330 2809 Cragon
355 2742 383 2792 et
405 2729 543 2812 limyren
567 2730 737 2811 Xanthique
759 2729 919 2812 reliquerat
940 2729 1047 2804 undas,

135 2834 255 2895 quoque
277 2815 430 2877 Chimaera
452 2815 521 2896 iugo
544 2816 649 2878 mediis
671 2817 701 2877 in
726 2815 859 2896 partibus
881 2816 991 2895 ignem,

134 2911 239 2980 pectus
261 2911 291 2961 et
313 2919 363 2962 ora
384 2899 458 2975 leae,
481 2903 602 2963 caudam
626 2902 776 2983 serpentis
799 2900 939 2962 habebatz

135 2985 276 3046 deficiunt
298 2985 395 3059 silvae,
418 3004 486 3047 cum
509 2995 541 3047 tu
564 2986 669 3048 lassata
691 2986 845 3066 sequendo
946 3059 949 3066 Ι

135 3069 268 3130 concidis
290 3080 320 3130 et
342 3071 413 3132 dura
437 3070 541 3151 positis
564 3071 669 3133 tellure
692 3070 817 3152 capillis,

136 3153 230 3234 Bybli,
253 3154 330 3215 iaces
352 3155 531 3236 frondesque
553 3166 604 3217 tuo
628 3157 739 3237 premis
762 3175 814 3218 ore
837 3156 970 3218 caducas.

204 3408 254 3458 619
274 3336 352 3472 lagi:
368 3405 393 3456 bl
446 3410 497 3460 626
516 3415 637 3476 coeptum
655 3405 670 3458 λ
724 3411 774 3461 622
794 3411 918 3472 meorum]
936 3412 955 3461 ι’.
967 3425 991 3458 r.
1009 3407 1042 3472 bl,
1061 3406 1166 3459 videbor
1185 3404 1212 3464 i.;

132 3559 276 3621 proximus
293 3575 390 3620 vernn,
408 3562 438 3610 a‘n
456 3556 472 3611 λ
489 3564 609 3627 omissus,
627 3565 657 3612 in
675 3577 762 3627 marg.
781 3560 806 3613 lll
858 3492 995 3630 ἒιᾛιίῗε
1048 3564 1098 3615 625
1117 3562 1166 3612 brit
1187 3569 1211 3611 et

134 3626 200 3677 ussit
216 3628 255 3689 (in
273 3641 360 3692 marg.
376 3626 388 3679 l
404 3635 480 3695 urget
499 3624 541 3693 λ’)
560 3648 575 3685 ς
627 3632 677 3683 626
696 3630 785 3682 credar
802 3633 821 3681 ι’.
839 3647 862 3682 r.
880 3628 906 3681 Μ
965 3633 1014 3683 622
1035 3635 1063 3681 in
1080 3646 1169 3695 marg.
1187 3627 1211 3678 ll

134 3782 185 3833 628
205 3780 360 3848 uoluptasG
429 3712 587 3835 sitiisse
657 3785 708 3836 626
733 3732 882 3854 εἰῃθᾳιὶιιῖἓιιι
901 3782 926 3834 lll
996 3787 1044 3836 6ιῖ
1064 3785 1212 3849 gracbonC

136 3947 261 3998 graccus
312 3883 418 3986 limirerii
436 3932 462 3985 Μ
514 3939 563 3991 648
582 3869 734 4008 liigiswi.
803 3940 856 3992 bbh
875 3933 971 3990 lumb
1021 3938 1080 3986 bb‘t.
1090 3929 1220 3980 ‘omum

187 4024 267 4072 Orld.
281 4025 371 4072 flerem.
1014 4021 1057 4069 th
