<?xml version="1.0" encoding="UTF-8"?>
<!DOCTYPE html PUBLIC "-//W3C//DTD XHTML 1.0 Transitional//EN"
    "http://www.w3.org/TR/xhtml1/DTD/xhtml1-transitional.dtd">
<html xmlns="http://www.w3.org/1999/xhtml" xml:lang="en" lang="en">
 <head>
  <title>
</title>
<meta http-equiv="Content-Type" content="text/html;charset=utf-8" />
  <meta name='ocr-system' content='tesseract 3.04.00' />
  <meta name='ocr-capabilities' content='ocr_page ocr_carea ocr_par ocr_line ocrx_word'/>
</head>
<body>
  <div class='ocr_page' id='page_1' title='image "./povidinasonisme00korngoog_0076.png"; bbox 0 0 2692 4230; ppageno 0'>
   <div class='ocr_carea' id='block_1_1' title="bbox 134 128 777 180">
    <p class='ocr_par' dir='ltr' id='par_1_1' title="bbox 134 128 777 180">
     <span class='ocr_line' id='line_1_1' title="bbox 134 128 777 180; baseline 0 -3"><span class='ocrx_word' id='word_1_1' title='bbox 134 140 253 178; x_wconf 75' lang='lat' dir='ltr'>tiresias.</span> <span class='ocrx_word' id='word_1_2' title='bbox 284 144 348 180; x_wconf 79' lang='lat' dir='ltr'>euno</span> <span class='ocrx_word' id='word_1_3' title='bbox 579 128 616 178; x_wconf 92' lang='lat' dir='ltr'>lll.</span> <span class='ocrx_word' id='word_1_4' title='bbox 634 128 777 179; x_wconf 76' lang='lat' dir='ltr'>tta-atr.</span> 
     </span>
    </p>
   </div>
   <div class='ocr_carea' id='block_1_2' title="bbox 59 299 1117 3350">
    <p class='ocr_par' dir='ltr' id='par_1_2' title="bbox 59 299 1117 3350">
     <span class='ocr_line' id='line_1_2' title="bbox 133 299 906 381; baseline -0.001 -21"><span class='ocrx_word' id='word_1_5' title='bbox 133 300 263 363; x_wconf 91' lang='lat' dir='ltr'>insuitur</span> <span class='ocrx_word' id='word_1_6' title='bbox 284 300 389 365; x_wconf 84' lang='lat' dir='ltr'>femori</span> <span class='ocrx_word' id='word_1_7' title='bbox 410 307 602 376; x_wconf 87' lang='lat' dir='ltr'>maternaque</span> <span class='ocrx_word' id='word_1_8' title='bbox 625 306 754 378; x_wconf 88' lang='lat' dir='ltr'>tempora</span> <span class='ocrx_word' id='word_1_9' title='bbox 777 299 906 381; x_wconf 90' lang='lat' dir='ltr'>conplet.</span> 
     </span>
     <span class='ocr_line' id='line_1_3' title="bbox 132 379 828 465; baseline 0 -20"><span class='ocrx_word' id='word_1_10' title='bbox 132 387 234 448; x_wconf 90' lang='lat' dir='ltr'>l&#39;urtirn</span> <span class='ocrx_word' id='word_1_11' title='bbox 257 388 339 448; x_wconf 90' lang='lat' dir='ltr'>illurn</span> <span class='ocrx_word' id='word_1_12' title='bbox 363 381 467 465; x_wconf 90' lang='lat' dir='ltr'>primis</span> <span class='ocrx_word' id='word_1_13' title='bbox 489 379 543 441; x_wconf 91' lang='lat' dir='ltr'>lno</span> <span class='ocrx_word' id='word_1_14' title='bbox 566 392 719 444; x_wconf 79' lang='lat' dir='ltr'><strong>matertera</strong></span> <span class='ocrx_word' id='word_1_15' title='bbox 743 385 828 445; x_wconf 92' lang='lat' dir='ltr'>cunis</span> 
     </span>
     <span class='ocr_line' id='line_1_4' title="bbox 132 467 915 548; baseline 0.004 -17"><span class='ocrx_word' id='word_1_16' title='bbox 132 473 254 533; x_wconf 86' lang='lat' dir='ltr'>educat:</span> <span class='ocrx_word' id='word_1_17' title='bbox 278 473 347 532; x_wconf 91' lang='lat' dir='ltr'>iude</span> <span class='ocrx_word' id='word_1_18' title='bbox 370 469 470 527; x_wconf 86' lang='lat' dir='ltr'>datum</span> <span class='ocrx_word' id='word_1_19' title='bbox 493 470 640 548; x_wconf 76' lang='lat' dir='ltr'>nymphae</span> <span class='ocrx_word' id='word_1_20' title='bbox 661 467 801 545; x_wconf 77' lang='lat' dir='ltr'>Nyseldes</span> <span class='ocrx_word' id='word_1_21' title='bbox 822 473 915 534; x_wconf 80' lang='lat' dir='ltr'>antris</span> 
     </span>
     <span class='ocr_line' id='line_1_5' title="bbox 132 550 837 631; baseline -0.004 -15"><span class='ocrx_word' id='word_1_22' title='bbox 132 557 291 618; x_wconf 78' lang='lat' dir='ltr'><strong>occuluere</strong></span> <span class='ocrx_word' id='word_1_23' title='bbox 313 552 375 613; x_wconf 90' lang='lat' dir='ltr'>suis</span> <span class='ocrx_word' id='word_1_24' title='bbox 397 550 541 631; x_wconf 85' lang='lat' dir='ltr'>lactisque</span> <span class='ocrx_word' id='word_1_25' title='bbox 563 553 700 613; x_wconf 86' lang='lat' dir='ltr'>alimenta</span> <span class='ocrx_word' id='word_1_26' title='bbox 723 551 837 615; x_wconf 82' lang='lat' dir='ltr'>dedere.</span> 
     </span>
     <span class='ocr_line' id='line_1_6' title="bbox 219 635 956 716; baseline 0.003 -15"><span class='ocrx_word' id='word_1_27' title='bbox 219 640 355 714; x_wconf 85' lang='lat' dir='ltr'>Dumque</span> <span class='ocrx_word' id='word_1_28' title='bbox 378 653 411 695; x_wconf 91' lang='lat' dir='ltr'>ea</span> <span class='ocrx_word' id='word_1_29' title='bbox 434 654 489 714; x_wconf 85' lang='lat' dir='ltr'>per</span> <span class='ocrx_word' id='word_1_30' title='bbox 509 646 603 699; x_wconf 86' lang='lat' dir='ltr'>terras</span> <span class='ocrx_word' id='word_1_31' title='bbox 626 635 702 696; x_wconf 87' lang='lat' dir='ltr'>latali</span> <span class='ocrx_word' id='word_1_32' title='bbox 725 635 789 713; x_wconf 83' lang='lat' dir='ltr'>lege</span> <span class='ocrx_word' id='word_1_33' title='bbox 811 652 956 716; x_wconf 84' lang='lat' dir='ltr'>geruntur</span> 
     </span>
     <span class='ocr_line' id='line_1_7' title="bbox 133 720 871 804; baseline -0.004 -17"><span class='ocrx_word' id='word_1_34' title='bbox 133 738 255 804; x_wconf 90' lang='lat' dir='ltr'>tutaque</span> <span class='ocrx_word' id='word_1_35' title='bbox 278 722 324 781; x_wconf 90' lang='lat' dir='ltr'>bis</span> <span class='ocrx_word' id='word_1_36' title='bbox 346 721 438 799; x_wconf 77' lang='lat' dir='ltr'>geniti</span> <span class='ocrx_word' id='word_1_37' title='bbox 462 734 532 783; x_wconf 87' lang='lat' dir='ltr'>sunt</span> <span class='ocrx_word' id='word_1_38' title='bbox 553 720 731 784; x_wconf 87' lang='lat' dir='ltr'>incunabula</span> <span class='ocrx_word' id='word_1_39' title='bbox 755 720 871 795; x_wconf 85' lang='lat' dir='ltr'>Bacchi,</span> 
     </span>
     <span class='ocr_line' id='line_1_8' title="bbox 131 807 947 881; baseline 0.001 -11"><span class='ocrx_word' id='word_1_40' title='bbox 131 813 209 870; x_wconf 79' lang='lat' dir='ltr'>torte</span> <span class='ocrx_word' id='word_1_41' title='bbox 231 808 329 868; x_wconf 89' lang='lat' dir='ltr'>lovem</span> <span class='ocrx_word' id='word_1_42' title='bbox 351 818 527 881; x_wconf 79' lang='lat' dir='ltr'>memorant,</span> <span class='ocrx_word' id='word_1_43' title='bbox 549 807 686 867; x_wconf 78' lang='lat' dir='ltr'>diffusum</span> <span class='ocrx_word' id='word_1_44' title='bbox 711 816 838 880; x_wconf 77' lang='lat' dir='ltr'>nectare,</span> <span class='ocrx_word' id='word_1_45' title='bbox 861 827 947 871; x_wconf 92' lang='lat' dir='ltr'>curas</span> 
     </span>
     <span class='ocr_line' id='line_1_9' title="bbox 131 891 903 973; baseline 0.001 -18"><span class='ocrx_word' id='word_1_46' title='bbox 131 891 301 973; x_wconf 84' lang='lat' dir='ltr'>seposuisse</span> <span class='ocrx_word' id='word_1_47' title='bbox 324 909 427 970; x_wconf 82' lang='lat' dir='ltr'>graves</span> <span class='ocrx_word' id='word_1_48' title='bbox 448 909 597 971; x_wconf 86' lang='lat' dir='ltr'>vacuaque</span> <span class='ocrx_word' id='word_1_49' title='bbox 620 891 742 968; x_wconf 75' lang='lat' dir='ltr'>agitasse</span> <span class='ocrx_word' id='word_1_50' title='bbox 765 894 903 955; x_wconf 89' lang='lat' dir='ltr'>remissos</span> 
     </span>
     <span class='ocr_line' id='line_1_10' title="bbox 132 975 969 1056; baseline 0.004 -18"><span class='ocrx_word' id='word_1_51' title='bbox 132 995 200 1038; x_wconf 92' lang='lat' dir='ltr'>cum</span> <span class='ocrx_word' id='word_1_52' title='bbox 224 976 340 1037; x_wconf 88' lang='lat' dir='ltr'>lunone</span> <span class='ocrx_word' id='word_1_53' title='bbox 362 978 445 1038; x_wconf 88' lang='lat' dir='ltr'>iocos</span> <span class='ocrx_word' id='word_1_54' title='bbox 466 986 496 1038; x_wconf 88' lang='lat' dir='ltr'>et</span> <span class='ocrx_word' id='word_1_55' title='bbox 513 975 621 1035; x_wconf 91' lang='lat' dir='ltr'>‘maior</span> <span class='ocrx_word' id='word_1_56' title='bbox 641 985 734 1035; x_wconf 84' lang='lat' dir='ltr'>restra</span> <span class='ocrx_word' id='word_1_57' title='bbox 759 979 891 1056; x_wconf 87' lang='lat' dir='ltr'>prolecto</span> <span class='ocrx_word' id='word_1_58' title='bbox 914 991 969 1052; x_wconf 79' lang='lat' dir='ltr'>est,</span> 
     </span>
     <span class='ocr_line' id='line_1_11' title="bbox 132 1050 968 1146; baseline 0.005 -25"><span class='ocrx_word' id='word_1_59' title='bbox 132 1079 220 1141; x_wconf 87' lang='lat' dir='ltr'>quam</span> <span class='ocrx_word' id='word_1_60' title='bbox 244 1081 321 1141; x_wconf 89' lang='lat' dir='ltr'>quae</span> <span class='ocrx_word' id='word_1_61' title='bbox 344 1061 492 1140; x_wconf 79' lang='lat' dir='ltr'>contingit</span> <span class='ocrx_word' id='word_1_62' title='bbox 512 1050 649 1120; x_wconf 87' lang='lat' dir='ltr'>maribus&#39;</span> <span class='ocrx_word' id='word_1_63' title='bbox 674 1060 781 1120; x_wconf 82' lang='lat' dir='ltr'>dixisse</span> <span class='ocrx_word' id='word_1_64' title='bbox 800 1057 968 1146; x_wconf 84' lang='lat' dir='ltr'>‘voluptas&#39;</span> 
     </span>
     <span class='ocr_line' id='line_1_12' title="bbox 131 1145 878 1228; baseline 0.001 -20"><span class='ocrx_word' id='word_1_65' title='bbox 131 1148 181 1208; x_wconf 90' lang='lat' dir='ltr'>illa</span> <span class='ocrx_word' id='word_1_66' title='bbox 205 1159 301 1225; x_wconf 82' lang='lat' dir='ltr'>negat.</span> <span class='ocrx_word' id='word_1_67' title='bbox 347 1146 457 1228; x_wconf 84' lang='lat' dir='ltr'>placuit</span> <span class='ocrx_word' id='word_1_68' title='bbox 479 1145 611 1222; x_wconf 87' lang='lat' dir='ltr'>quaesit</span> <span class='ocrx_word' id='word_1_69' title='bbox 634 1145 777 1206; x_wconf 88' lang='lat' dir='ltr'>sententia</span> <span class='ocrx_word' id='word_1_70' title='bbox 800 1149 878 1209; x_wconf 90' lang='lat' dir='ltr'>docti</span> 
     </span>
     <span class='ocr_line' id='line_1_13' title="bbox 131 1228 986 1313; baseline 0.005 -22"><span class='ocrx_word' id='word_1_71' title='bbox 131 1250 275 1311; x_wconf 82' lang='lat' dir='ltr'>quaerere</span> <span class='ocrx_word' id='word_1_72' title='bbox 297 1232 442 1293; x_wconf 83' lang='lat' dir='ltr'>Tiresiae:</span> <span class='ocrx_word' id='word_1_73' title='bbox 466 1228 566 1290; x_wconf 90' lang='lat' dir='ltr'>Venus</span> <span class='ocrx_word' id='word_1_74' title='bbox 588 1231 656 1291; x_wconf 87' lang='lat' dir='ltr'>huic</span> <span class='ocrx_word' id='word_1_75' title='bbox 678 1242 737 1292; x_wconf 88' lang='lat' dir='ltr'>erat</span> <span class='ocrx_word' id='word_1_76' title='bbox 760 1242 883 1313; x_wconf 90' lang='lat' dir='ltr'>ntmque</span> <span class='ocrx_word' id='word_1_77' title='bbox 908 1245 986 1297; x_wconf 87' lang='lat' dir='ltr'>nota.</span> 
     </span>
     <span class='ocr_line' id='line_1_14' title="bbox 132 1315 839 1394; baseline 0 -17"><span class='ocrx_word' id='word_1_78' title='bbox 132 1320 200 1377; x_wconf 87' lang='lat' dir='ltr'>narn</span> <span class='ocrx_word' id='word_1_79' title='bbox 224 1318 283 1379; x_wconf 93' lang='lat' dir='ltr'>duc</span> <span class='ocrx_word' id='word_1_80' title='bbox 306 1332 481 1394; x_wconf 85' lang='lat' dir='ltr'>magnorum</span> <span class='ocrx_word' id='word_1_81' title='bbox 505 1315 588 1376; x_wconf 87' lang='lat' dir='ltr'>viridi</span> <span class='ocrx_word' id='word_1_82' title='bbox 612 1317 746 1377; x_wconf 83' lang='lat' dir='ltr'>coeuntia</span> <span class='ocrx_word' id='word_1_83' title='bbox 770 1318 839 1378; x_wconf 85' lang='lat' dir='ltr'>silva</span> 
     </span>
     <span class='ocr_line' id='line_1_15' title="bbox 132 1398 851 1483; baseline 0 -21"><span class='ocrx_word' id='word_1_84' title='bbox 132 1422 257 1483; x_wconf 89' lang='lat' dir='ltr'>corpora</span> <span class='ocrx_word' id='word_1_85' title='bbox 281 1411 454 1481; x_wconf 83' lang='lat' dir='ltr'>serpentum</span> <span class='ocrx_word' id='word_1_86' title='bbox 477 1398 574 1461; x_wconf 90' lang='lat' dir='ltr'>baculi</span> <span class='ocrx_word' id='word_1_87' title='bbox 597 1401 751 1461; x_wconf 80' lang='lat' dir='ltr'>violaverat</span> <span class='ocrx_word' id='word_1_88' title='bbox 773 1402 851 1473; x_wconf 86' lang='lat' dir='ltr'>ictu;</span> 
     </span>
     <span class='ocr_line' id='line_1_16' title="bbox 131 1483 875 1567; baseline 0 -20"><span class='ocrx_word' id='word_1_89' title='bbox 131 1489 227 1567; x_wconf 87' lang='lat' dir='ltr'>deque</span> <span class='ocrx_word' id='word_1_90' title='bbox 250 1486 311 1546; x_wconf 83' lang='lat' dir='ltr'>viro</span> <span class='ocrx_word' id='word_1_91' title='bbox 335 1485 431 1545; x_wconf 90' lang='lat' dir='ltr'>lactus</span> <span class='ocrx_word' id='word_1_92' title='bbox 453 1483 610 1558; x_wconf 76' lang='lat' dir='ltr'>(mirabile)</span> <span class='ocrx_word' id='word_1_93' title='bbox 633 1486 740 1546; x_wconf 84' lang='lat' dir='ltr'>lemine</span> <span class='ocrx_word' id='word_1_94' title='bbox 764 1497 875 1566; x_wconf 87' lang='lat' dir='ltr'>septem</span> 
     </span>
     <span class='ocr_line' id='line_1_17' title="bbox 132 1572 834 1650; baseline -0.001 -17"><span class='ocrx_word' id='word_1_95' title='bbox 132 1582 233 1650; x_wconf 83' lang='lat' dir='ltr'>egerat</span> <span class='ocrx_word' id='word_1_96' title='bbox 254 1580 423 1630; x_wconf 89' lang='lat' dir='ltr'>autumnos.</span> <span class='ocrx_word' id='word_1_97' title='bbox 468 1579 570 1631; x_wconf 87' lang='lat' dir='ltr'>octavo</span> <span class='ocrx_word' id='word_1_98' title='bbox 592 1587 695 1629; x_wconf 89' lang='lat' dir='ltr'>rursus</span> <span class='ocrx_word' id='word_1_99' title='bbox 717 1572 834 1632; x_wconf 90' lang='lat' dir='ltr'>eosdem</span> 
     </span>
     <span class='ocr_line' id='line_1_18' title="bbox 129 1647 926 1736; baseline 0.003 -21"><span class='ocrx_word' id='word_1_100' title='bbox 129 1657 211 1727; x_wconf 81' lang='lat' dir='ltr'>vidit,</span> <span class='ocrx_word' id='word_1_101' title='bbox 234 1667 264 1716; x_wconf 93' lang='lat' dir='ltr'>et</span> <span class='ocrx_word' id='word_1_102' title='bbox 282 1647 341 1715; x_wconf 88' lang='lat' dir='ltr'>‘est</span> <span class='ocrx_word' id='word_1_103' title='bbox 362 1665 476 1716; x_wconf 87' lang='lat' dir='ltr'>vestrae</span> <span class='ocrx_word' id='word_1_104' title='bbox 497 1655 523 1714; x_wconf 92' lang='lat' dir='ltr'>si</span> <span class='ocrx_word' id='word_1_105' title='bbox 546 1664 624 1715; x_wconf 87' lang='lat' dir='ltr'>tanta</span> <span class='ocrx_word' id='word_1_106' title='bbox 647 1658 779 1734; x_wconf 90' lang='lat' dir='ltr'>potentia</span> <span class='ocrx_word' id='word_1_107' title='bbox 801 1653 926 1736; x_wconf 69' lang='lat' dir='ltr'>plagae,</span> 
     </span>
     <span class='ocr_line' id='line_1_19' title="bbox 129 1734 1117 1825; baseline 0.001 -24"><span class='ocrx_word' id='word_1_108' title='bbox 129 1741 204 1802; x_wconf 84' lang='lat' dir='ltr'>dixit</span> <span class='ocrx_word' id='word_1_109' title='bbox 221 1734 269 1801; x_wconf 90' lang='lat' dir='ltr'>‘nt</span> <span class='ocrx_word' id='word_1_110' title='bbox 290 1741 425 1800; x_wconf 48' lang='lat' dir='ltr'>auctoris*</span> <span class='ocrx_word' id='word_1_111' title='bbox 443 1751 552 1800; x_wconf 92' lang='lat' dir='ltr'>sortem</span> <span class='ocrx_word' id='word_1_112' title='bbox 575 1740 605 1799; x_wconf 90' lang='lat' dir='ltr'>in</span> <span class='ocrx_word' id='word_1_113' title='bbox 628 1742 771 1801; x_wconf 83' lang='lat' dir='ltr'>contraria</span> <span class='ocrx_word' id='word_1_114' title='bbox 796 1753 900 1811; x_wconf 80' lang='lat' dir='ltr'>mutet,</span> <span class='ocrx_word' id='word_1_115' title='bbox 1113 1817 1117 1825; x_wconf 25' lang='grc' dir='ltr'>Ι</span> 
     </span>
     <span class='ocr_line' id='line_1_20' title="bbox 130 1819 1051 1905; baseline 0.005 -20"><span class='ocrx_word' id='word_1_116' title='bbox 130 1842 213 1886; x_wconf 88' lang='lat' dir='ltr'>nunc</span> <span class='ocrx_word' id='word_1_117' title='bbox 236 1843 356 1904; x_wconf 92' lang='lat' dir='ltr'>qnoque</span> <span class='ocrx_word' id='word_1_118' title='bbox 377 1842 430 1884; x_wconf 87' lang='lat' dir='ltr'>vos</span> <span class='ocrx_word' id='word_1_119' title='bbox 453 1819 573 1884; x_wconf 67' lang='lat' dir='ltr'>leriam?</span> <span class='ocrx_word' id='word_1_120' title='bbox 619 1827 765 1904; x_wconf 83' lang='lat' dir='ltr'>percussis</span> <span class='ocrx_word' id='word_1_121' title='bbox 788 1828 936 1905; x_wconf 81' lang='lat' dir='ltr'>anguibus</span> <span class='ocrx_word' id='word_1_122' title='bbox 958 1828 1051 1890; x_wconf 88' lang='lat' dir='ltr'>isdem</span> 
     </span>
     <span class='ocr_line' id='line_1_21' title="bbox 132 1910 885 1991; baseline 0.003 -21"><span class='ocrx_word' id='word_1_123' title='bbox 132 1911 226 1971; x_wconf 88' lang='lat' dir='ltr'>lorma</span> <span class='ocrx_word' id='word_1_124' title='bbox 250 1911 333 1991; x_wconf 86' lang='lat' dir='ltr'>prior</span> <span class='ocrx_word' id='word_1_125' title='bbox 355 1910 443 1971; x_wconf 89' lang='lat' dir='ltr'>rediit</span> <span class='ocrx_word' id='word_1_126' title='bbox 463 1910 656 1990; x_wconf 79' lang='lat' dir='ltr'>genetivaque</span> <span class='ocrx_word' id='word_1_127' title='bbox 678 1912 757 1972; x_wconf 87' lang='lat' dir='ltr'>venit</span> <span class='ocrx_word' id='word_1_128' title='bbox 779 1913 885 1991; x_wconf 81' lang='lat' dir='ltr'>imago.</span> 
     </span>
     <span class='ocr_line' id='line_1_22' title="bbox 130 1994 834 2074; baseline 0.004 -20"><span class='ocrx_word' id='word_1_129' title='bbox 130 1994 241 2056; x_wconf 87' lang='lat' dir='ltr'>arbiter</span> <span class='ocrx_word' id='word_1_130' title='bbox 264 1996 313 2057; x_wconf 91' lang='lat' dir='ltr'>bic</span> <span class='ocrx_word' id='word_1_131' title='bbox 335 1995 426 2074; x_wconf 84' lang='lat' dir='ltr'>igitur</span> <span class='ocrx_word' id='word_1_132' title='bbox 447 2006 584 2074; x_wconf 86' lang='lat' dir='ltr'>sumptus</span> <span class='ocrx_word' id='word_1_133' title='bbox 606 1996 641 2055; x_wconf 91' lang='lat' dir='ltr'>de</span> <span class='ocrx_word' id='word_1_134' title='bbox 663 1995 716 2056; x_wconf 88' lang='lat' dir='ltr'>lite</span> <span class='ocrx_word' id='word_1_135' title='bbox 737 1997 834 2057; x_wconf 90' lang='lat' dir='ltr'>iocosa</span> 
     </span>
     <span class='ocr_line' id='line_1_23' title="bbox 130 2080 854 2158; baseline 0 -18"><span class='ocrx_word' id='word_1_136' title='bbox 130 2081 208 2141; x_wconf 87' lang='lat' dir='ltr'>dicta</span> <span class='ocrx_word' id='word_1_137' title='bbox 231 2080 308 2140; x_wconf 87' lang='lat' dir='ltr'>loris</span> <span class='ocrx_word' id='word_1_138' title='bbox 330 2082 435 2141; x_wconf 77' lang='lat' dir='ltr'>lit-mat.</span> <span class='ocrx_word' id='word_1_139' title='bbox 481 2081 598 2158; x_wconf 83' lang='lat' dir='ltr'>gravius</span> <span class='ocrx_word' id='word_1_140' title='bbox 619 2080 754 2140; x_wconf 91' lang='lat' dir='ltr'>Saturnia</span> <span class='ocrx_word' id='word_1_141' title='bbox 777 2082 854 2141; x_wconf 91' lang='lat' dir='ltr'>iusto</span> 
     </span>
     <span class='ocr_line' id='line_1_24' title="bbox 130 2165 813 2245; baseline 0 -20"><span class='ocrx_word' id='word_1_142' title='bbox 130 2183 187 2225; x_wconf 90' lang='lat' dir='ltr'>nec</span> <span class='ocrx_word' id='word_1_143' title='bbox 210 2184 264 2245; x_wconf 91' lang='lat' dir='ltr'>pro</span> <span class='ocrx_word' id='word_1_144' title='bbox 288 2165 409 2225; x_wconf 89' lang='lat' dir='ltr'>materia</span> <span class='ocrx_word' id='word_1_145' title='bbox 432 2165 526 2224; x_wconf 83' lang='lat' dir='ltr'>fertur</span> <span class='ocrx_word' id='word_1_146' title='bbox 547 2165 686 2237; x_wconf 83' lang='lat' dir='ltr'>doluisse,</span> <span class='ocrx_word' id='word_1_147' title='bbox 709 2167 813 2244; x_wconf 90' lang='lat' dir='ltr'>suique</span> 
     </span>
     <span class='ocr_line' id='line_1_25' title="bbox 131 2249 803 2312; baseline -0.001 -1"><span class='ocrx_word' id='word_1_148' title='bbox 131 2249 239 2311; x_wconf 91' lang='lat' dir='ltr'>indicis</span> <span class='ocrx_word' id='word_1_149' title='bbox 260 2261 379 2310; x_wconf 87' lang='lat' dir='ltr'>aeterna</span> <span class='ocrx_word' id='word_1_150' title='bbox 401 2249 551 2310; x_wconf 82' lang='lat' dir='ltr'>damnavit</span> <span class='ocrx_word' id='word_1_151' title='bbox 572 2249 684 2312; x_wconf 89' lang='lat' dir='ltr'>lumina</span> <span class='ocrx_word' id='word_1_152' title='bbox 707 2261 803 2311; x_wconf 87' lang='lat' dir='ltr'>nocte.</span> 
     </span>
     <span class='ocr_line' id='line_1_26' title="bbox 130 2334 1076 2415; baseline 0.001 -20"><span class='ocrx_word' id='word_1_153' title='bbox 130 2345 161 2396; x_wconf 92' lang='lat' dir='ltr'>at</span> <span class='ocrx_word' id='word_1_154' title='bbox 183 2345 266 2415; x_wconf 91' lang='lat' dir='ltr'>pater</span> <span class='ocrx_word' id='word_1_155' title='bbox 288 2335 480 2415; x_wconf 91' lang='lat' dir='ltr'>omnipotens</span> <span class='ocrx_word' id='word_1_156' title='bbox 502 2338 611 2415; x_wconf 87' lang='lat' dir='ltr'>(neque</span> <span class='ocrx_word' id='word_1_157' title='bbox 635 2337 712 2396; x_wconf 90' lang='lat' dir='ltr'>enim</span> <span class='ocrx_word' id='word_1_158' title='bbox 736 2337 804 2397; x_wconf 90' lang='lat' dir='ltr'>licet</span> <span class='ocrx_word' id='word_1_159' title='bbox 826 2334 913 2394; x_wconf 88' lang='lat' dir='ltr'>inrita</span> <span class='ocrx_word' id='word_1_160' title='bbox 936 2335 1076 2414; x_wconf 87' lang='lat' dir='ltr'>cuiquam</span> 
     </span>
     <span class='ocr_line' id='line_1_27' title="bbox 130 2420 863 2500; baseline -0.004 -19"><span class='ocrx_word' id='word_1_161' title='bbox 130 2423 206 2481; x_wconf 87' lang='lat' dir='ltr'>lacta</span> <span class='ocrx_word' id='word_1_162' title='bbox 229 2421 276 2481; x_wconf 92' lang='lat' dir='ltr'>dei</span> <span class='ocrx_word' id='word_1_163' title='bbox 299 2421 405 2481; x_wconf 84' lang='lat' dir='ltr'>fecisse</span> <span class='ocrx_word' id='word_1_164' title='bbox 427 2420 495 2483; x_wconf 83' lang='lat' dir='ltr'>deor</span> <span class='ocrx_word' id='word_1_165' title='bbox 520 2420 706 2500; x_wconf 83' lang='lat' dir='ltr'>prolumine</span> <span class='ocrx_word' id='word_1_166' title='bbox 728 2421 863 2499; x_wconf 90' lang='lat' dir='ltr'>adempto</span> 
     </span>
     <span class='ocr_line' id='line_1_28' title="bbox 130 2505 909 2585; baseline -0.005 -19"><span class='ocrx_word' id='word_1_167' title='bbox 130 2506 207 2566; x_wconf 89' lang='lat' dir='ltr'>scire</span> <span class='ocrx_word' id='word_1_168' title='bbox 230 2507 328 2566; x_wconf 88' lang='lat' dir='ltr'>lutura</span> <span class='ocrx_word' id='word_1_169' title='bbox 351 2505 432 2566; x_wconf 90' lang='lat' dir='ltr'>dedit</span> <span class='ocrx_word' id='word_1_170' title='bbox 454 2522 640 2585; x_wconf 91' lang='lat' dir='ltr'>poenamque</span> <span class='ocrx_word' id='word_1_171' title='bbox 662 2505 765 2564; x_wconf 86' lang='lat' dir='ltr'>levavit</span> <span class='ocrx_word' id='word_1_172' title='bbox 786 2505 909 2564; x_wconf 90' lang='lat' dir='ltr'>honore.</span> 
     </span>
     <span class='ocr_line' id='line_1_29' title="bbox 218 2589 918 2670; baseline -0.001 -21"><span class='ocrx_word' id='word_1_173' title='bbox 218 2589 270 2650; x_wconf 92' lang='lat' dir='ltr'>llle</span> <span class='ocrx_word' id='word_1_174' title='bbox 293 2609 347 2670; x_wconf 86' lang='lat' dir='ltr'>per</span> <span class='ocrx_word' id='word_1_175' title='bbox 369 2589 479 2651; x_wconf 75' lang='lat' dir='ltr'>Aonias</span> <span class='ocrx_word' id='word_1_176' title='bbox 502 2590 577 2650; x_wconf 86' lang='lat' dir='ltr'>lama</span> <span class='ocrx_word' id='word_1_177' title='bbox 599 2589 808 2651; x_wconf 88' lang='lat' dir='ltr'>celeberrimus</span> <span class='ocrx_word' id='word_1_178' title='bbox 831 2589 918 2649; x_wconf 88' lang='lat' dir='ltr'>nrbes</span> 
     </span>
     <span class='ocr_line' id='line_1_30' title="bbox 130 2673 895 2756; baseline -0.001 -21"><span class='ocrx_word' id='word_1_179' title='bbox 130 2674 343 2756; x_wconf 88' lang='lat' dir='ltr'>inreprehensa</span> <span class='ocrx_word' id='word_1_180' title='bbox 366 2675 453 2737; x_wconf 89' lang='lat' dir='ltr'>dabat</span> <span class='ocrx_word' id='word_1_181' title='bbox 475 2673 587 2755; x_wconf 91' lang='lat' dir='ltr'>populo</span> <span class='ocrx_word' id='word_1_182' title='bbox 611 2693 751 2756; x_wconf 88' lang='lat' dir='ltr'>responsa</span> <span class='ocrx_word' id='word_1_183' title='bbox 774 2675 895 2755; x_wconf 86' lang='lat' dir='ltr'>petenti.</span> 
     </span>
     <span class='ocr_line' id='line_1_31' title="bbox 130 2758 929 2841; baseline -0.003 -19"><span class='ocrx_word' id='word_1_184' title='bbox 130 2761 226 2841; x_wconf 92' lang='lat' dir='ltr'>prima</span> <span class='ocrx_word' id='word_1_185' title='bbox 241 2760 299 2821; x_wconf 88' lang='lat' dir='ltr'>fide</span> <span class='ocrx_word' id='word_1_186' title='bbox 321 2760 461 2839; x_wconf 86' lang='lat' dir='ltr'>vocisque</span> <span class='ocrx_word' id='word_1_187' title='bbox 483 2760 568 2821; x_wconf 90' lang='lat' dir='ltr'>datae</span> <span class='ocrx_word' id='word_1_188' title='bbox 590 2761 779 2839; x_wconf 90' lang='lat' dir='ltr'>temptamina</span> <span class='ocrx_word' id='word_1_189' title='bbox 802 2758 929 2839; x_wconf 88' lang='lat' dir='ltr'>sumpsit</span> 
     </span>
     <span class='ocr_line' id='line_1_32' title="bbox 131 2845 961 2925; baseline -0.001 -20"><span class='ocrx_word' id='word_1_190' title='bbox 131 2845 247 2906; x_wconf 90' lang='lat' dir='ltr'>caerula</span> <span class='ocrx_word' id='word_1_191' title='bbox 270 2845 400 2925; x_wconf 91' lang='lat' dir='ltr'>Liriope.</span> <span class='ocrx_word' id='word_1_192' title='bbox 445 2862 533 2924; x_wconf 91' lang='lat' dir='ltr'>quam</span> <span class='ocrx_word' id='word_1_193' title='bbox 557 2848 704 2924; x_wconf 86' lang='lat' dir='ltr'>quondam</span> <span class='ocrx_word' id='word_1_194' title='bbox 728 2845 849 2905; x_wconf 90' lang='lat' dir='ltr'>llumine</span> <span class='ocrx_word' id='word_1_195' title='bbox 871 2862 961 2904; x_wconf 88' lang='lat' dir='ltr'>curvo</span> 
     </span>
     <span class='ocr_line' id='line_1_33' title="bbox 131 2929 889 3011; baseline -0.004 -20"><span class='ocrx_word' id='word_1_196' title='bbox 131 2930 269 3011; x_wconf 77' lang='lat' dir='ltr'>inplicuit</span> <span class='ocrx_word' id='word_1_197' title='bbox 292 2930 469 3009; x_wconf 88' lang='lat' dir='ltr'>clausaeque</span> <span class='ocrx_word' id='word_1_198' title='bbox 490 2929 552 2989; x_wconf 86' lang='lat' dir='ltr'>suis</span> <span class='ocrx_word' id='word_1_199' title='bbox 575 2929 718 3010; x_wconf 85' lang='lat' dir='ltr'>Cephisus</span> <span class='ocrx_word' id='word_1_200' title='bbox 741 2932 770 2989; x_wconf 90' lang='lat' dir='ltr'>in</span> <span class='ocrx_word' id='word_1_201' title='bbox 795 2930 889 2990; x_wconf 84' lang='lat' dir='ltr'>undis</span> 
     </span>
     <span class='ocr_line' id='line_1_34' title="bbox 130 3014 925 3095; baseline -0.001 -21"><span class='ocrx_word' id='word_1_202' title='bbox 130 3015 189 3075; x_wconf 89' lang='lat' dir='ltr'>vim</span> <span class='ocrx_word' id='word_1_203' title='bbox 214 3016 289 3076; x_wconf 90' lang='lat' dir='ltr'>tulit.</span> <span class='ocrx_word' id='word_1_204' title='bbox 333 3014 419 3076; x_wconf 82' lang='lat' dir='ltr'>enixa</span> <span class='ocrx_word' id='word_1_205' title='bbox 442 3025 487 3075; x_wconf 91' lang='lat' dir='ltr'>est</span> <span class='ocrx_word' id='word_1_206' title='bbox 510 3025 594 3076; x_wconf 89' lang='lat' dir='ltr'>utero</span> <span class='ocrx_word' id='word_1_207' title='bbox 618 3015 812 3095; x_wconf 88' lang='lat' dir='ltr'>pulcherrima</span> <span class='ocrx_word' id='word_1_208' title='bbox 837 3014 925 3094; x_wconf 92' lang='lat' dir='ltr'>pleno</span> 
     </span>
     <span class='ocr_line' id='line_1_35' title="bbox 130 3099 940 3180; baseline -0.002 -20"><span class='ocrx_word' id='word_1_209' title='bbox 130 3101 285 3172; x_wconf 78' lang='lat' dir='ltr'>infantem,</span> <span class='ocrx_word' id='word_1_210' title='bbox 308 3099 448 3179; x_wconf 81' lang='lat' dir='ltr'>nymphis</span> <span class='ocrx_word' id='word_1_211' title='bbox 471 3101 527 3160; x_wconf 92' lang='lat' dir='ltr'>iam</span> <span class='ocrx_word' id='word_1_212' title='bbox 552 3110 623 3161; x_wconf 92' lang='lat' dir='ltr'>tunc</span> <span class='ocrx_word' id='word_1_213' title='bbox 645 3102 694 3180; x_wconf 90' lang='lat' dir='ltr'>qui</span> <span class='ocrx_word' id='word_1_214' title='bbox 720 3112 817 3180; x_wconf 91' lang='lat' dir='ltr'>posset</span> <span class='ocrx_word' id='word_1_215' title='bbox 839 3101 940 3167; x_wconf 74' lang='lat' dir='ltr'>amari,</span> 
     </span>
     <span class='ocr_line' id='line_1_36' title="bbox 59 3184 986 3264; baseline -0.001 -19"><span class='ocrx_word' id='word_1_216' title='bbox 59 3194 63 3200; x_wconf 86' lang='grc'><em>’</em></span> <span class='ocrx_word' id='word_1_217' title='bbox 130 3184 360 3264; x_wconf 87' lang='lat' dir='ltr'>Narcissumque</span> <span class='ocrx_word' id='word_1_218' title='bbox 382 3194 475 3244; x_wconf 83' lang='lat' dir='ltr'>vocat</span> <span class='ocrx_word' id='word_1_219' title='bbox 520 3186 556 3245; x_wconf 91' lang='lat' dir='ltr'>de</span> <span class='ocrx_word' id='word_1_220' title='bbox 579 3204 638 3264; x_wconf 96' lang='lat' dir='ltr'>quo</span> <span class='ocrx_word' id='word_1_221' title='bbox 661 3187 825 3258; x_wconf 78' lang='lat' dir='ltr'>consultus,</span> <span class='ocrx_word' id='word_1_222' title='bbox 848 3205 884 3245; x_wconf 89' lang='lat' dir='ltr'>au</span> <span class='ocrx_word' id='word_1_223' title='bbox 910 3194 986 3245; x_wconf 91' lang='lat' dir='ltr'>esset</span> 
     </span>
     <span class='ocr_line' id='line_1_37' title="bbox 129 3270 835 3350; baseline 0.003 -22"><span class='ocrx_word' id='word_1_224' title='bbox 129 3281 263 3350; x_wconf 91' lang='lat' dir='ltr'>tempora</span> <span class='ocrx_word' id='word_1_225' title='bbox 287 3281 419 3330; x_wconf 90' lang='lat' dir='ltr'>maturae</span> <span class='ocrx_word' id='word_1_226' title='bbox 441 3270 559 3330; x_wconf 88' lang='lat' dir='ltr'>visurus</span> <span class='ocrx_word' id='word_1_227' title='bbox 581 3270 668 3348; x_wconf 82' lang='lat' dir='ltr'>longa</span> <span class='ocrx_word' id='word_1_228' title='bbox 691 3282 835 3341; x_wconf 78' lang='lat' dir='ltr'>senectae,</span> 
     </span>
    </p>
   </div>
   <div class='ocr_carea' id='block_1_3' title="bbox 199 3369 1211 3501">
    <p class='ocr_par' dir='ltr' id='par_1_3' title="bbox 199 3369 1211 3501">
     <span class='ocr_line' id='line_1_38' title="bbox 647 3369 850 3421; baseline 0.005 -2"><span class='ocrx_word' id='word_1_229' title='bbox 647 3385 721 3420; x_wconf 87' lang='lat' dir='ltr'>curas</span> <span class='ocrx_word' id='word_1_230' title='bbox 740 3369 850 3421; x_wconf 84' lang='lat' dir='ltr'>amoris²</span> 
     </span>
     <span class='ocr_line' id='line_1_39' title="bbox 199 3432 1211 3501; baseline -0.003 -11"><span class='ocrx_word' id='word_1_231' title='bbox 199 3439 250 3490; x_wconf 85' lang='grc'>318</span> <span class='ocrx_word' id='word_1_232' title='bbox 268 3444 410 3488; x_wconf 83' lang='lat' dir='ltr'>memorant</span> <span class='ocrx_word' id='word_1_233' title='bbox 429 3438 453 3495; x_wconf 81' lang='lat' dir='ltr'>(a</span> <span class='ocrx_word' id='word_1_234' title='bbox 472 3453 508 3487; x_wconf 74' lang='lat' dir='ltr'>ex</span> <span class='ocrx_word' id='word_1_235' title='bbox 524 3442 549 3499; x_wconf 85' lang='lat' dir='ltr'>e)</span> <span class='ocrx_word' id='word_1_236' title='bbox 568 3436 592 3487; x_wconf 84' lang='lat' dir='ltr'>ll</span> <span class='ocrx_word' id='word_1_237' title='bbox 635 3453 734 3490; x_wconf 56' lang='lat' dir='ltr'>aucas</span> <span class='ocrx_word' id='word_1_238' title='bbox 865 3432 881 3486; x_wconf 75' lang='grc' dir='ltr'><em>λ</em></span> <span class='ocrx_word' id='word_1_239' title='bbox 933 3438 982 3488; x_wconf 78' lang='grc'>323</span> <span class='ocrx_word' id='word_1_240' title='bbox 1001 3434 1067 3501; x_wconf 63' lang='lat' dir='ltr'>trube</span> <span class='ocrx_word' id='word_1_241' title='bbox 1085 3434 1130 3485; x_wconf 80' lang='lat' dir='ltr'>nt.</span> <span class='ocrx_word' id='word_1_242' title='bbox 1162 3438 1211 3487; x_wconf 79' lang='grc'>338</span> 
     </span>
    </p>
   </div>
   <div class='ocr_carea' id='block_1_4' title="bbox 130 3520 1210 3654">
    <p class='ocr_par' dir='ltr' id='par_1_4' title="bbox 130 3520 1210 3654">
     <span class='ocr_line' id='line_1_40' title="bbox 130 3520 1210 3654; baseline -0.001 -14"><span class='ocrx_word' id='word_1_243' title='bbox 130 3598 157 3641; x_wconf 92' lang='lat' dir='ltr'>et</span> <span class='ocrx_word' id='word_1_244' title='bbox 170 3593 188 3641; x_wconf 86' lang='grc' dir='ltr'>ι’.</span> <span class='ocrx_word' id='word_1_245' title='bbox 200 3599 224 3643; x_wconf 82' lang='lat' dir='ltr'>r&#39;.</span> <span class='ocrx_word' id='word_1_246' title='bbox 238 3586 256 3640; x_wconf 81' lang='lat' dir='ltr'>l·</span> <span class='ocrx_word' id='word_1_247' title='bbox 301 3592 348 3642; x_wconf 84' lang='lat' dir='ltr'>att</span> <span class='ocrx_word' id='word_1_248' title='bbox 369 3587 476 3654; x_wconf 74' lang='lat' dir='ltr'>lideltll</span> <span class='ocrx_word' id='word_1_249' title='bbox 513 3586 608 3641; x_wconf 74' lang='lat' dir='ltr'>fideii.</span> <span class='ocrx_word' id='word_1_250' title='bbox 636 3520 755 3641; x_wconf 54' lang='lat' dir='ltr'>lidiideme</span> <span class='ocrx_word' id='word_1_251' title='bbox 798 3589 871 3641; x_wconf 87' lang='lat' dir='ltr'>datae</span> <span class='ocrx_word' id='word_1_252' title='bbox 890 3588 965 3639; x_wconf 83' lang='lat' dir='ltr'>codd.</span> <span class='ocrx_word' id='word_1_253' title='bbox 996 3589 1210 3639; x_wconf 73' lang='lat' dir='ltr'>rataePh‘sm‘on.</span> 
     </span>
    </p>
   </div>
   <div class='ocr_carea' id='block_1_5' title="bbox 131 3686 1209 3791">
    <p class='ocr_par' dir='ltr' id='par_1_5' title="bbox 131 3686 1209 3791">
     <span class='ocr_line' id='line_1_41' title="bbox 131 3686 1209 3791; baseline -0.004 -14"><span class='ocrx_word' id='word_1_254' title='bbox 131 3728 181 3778; x_wconf 81' lang='lat' dir='ltr'>att</span> <span class='ocrx_word' id='word_1_255' title='bbox 200 3724 320 3791; x_wconf 72' lang='lat' dir='ltr'>caerullta</span> <span class='ocrx_word' id='word_1_256' title='bbox 333 3753 368 3762; x_wconf 88' lang='lat'>-</span> <span class='ocrx_word' id='word_1_257' title='bbox 380 3686 450 3777; x_wconf 61' lang='lat' dir='ltr'>eurio</span> <span class='ocrx_word' id='word_1_258' title='bbox 468 3723 494 3775; x_wconf 83' lang='lat' dir='ltr'>ll</span> <span class='ocrx_word' id='word_1_259' title='bbox 554 3727 604 3776; x_wconf 88' lang='grc'>343</span> <span class='ocrx_word' id='word_1_260' title='bbox 622 3723 745 3791; x_wconf 82' lang='lat' dir='ltr'>Cephisos</span> <span class='ocrx_word' id='word_1_261' title='bbox 763 3743 777 3778; x_wconf 74' lang='grc' dir='ltr'><strong><em>ε</em></strong></span> <span class='ocrx_word' id='word_1_262' title='bbox 837 3727 886 3776; x_wconf 83' lang='grc'>345</span> <span class='ocrx_word' id='word_1_263' title='bbox 906 3723 1026 3790; x_wconf 82' lang='lat' dir='ltr'>nymphis</span> <span class='ocrx_word' id='word_1_264' title='bbox 1044 3723 1078 3785; x_wconf 87' lang='lat' dir='ltr'>(is</span> <span class='ocrx_word' id='word_1_265' title='bbox 1095 3727 1114 3775; x_wconf 67' lang='lat' dir='ltr'>t</span> <span class='ocrx_word' id='word_1_266' title='bbox 1132 3727 1166 3787; x_wconf 81' lang='lat' dir='ltr'>r.)</span> <span class='ocrx_word' id='word_1_267' title='bbox 1184 3722 1209 3773; x_wconf 84' lang='lat' dir='ltr'>ld</span> 
     </span>
    </p>
   </div>
   <div class='ocr_carea' id='block_1_6' title="bbox 131 3808 707 3945">
    <p class='ocr_par' dir='ltr' id='par_1_6' title="bbox 131 3808 707 3945">
     <span class='ocr_line' id='line_1_42' title="bbox 131 3808 707 3945; baseline -0.003 -17"><span class='ocrx_word' id='word_1_268' title='bbox 131 3877 293 3945; x_wconf 67' lang='lat' dir='ltr'>nymphaee</span> <span class='ocrx_word' id='word_1_269' title='bbox 346 3873 464 3943; x_wconf 74' lang='lat' dir='ltr'>possiti</span> <span class='ocrx_word' id='word_1_270' title='bbox 516 3880 566 3931; x_wconf 86' lang='grc'>346</span> <span class='ocrx_word' id='word_1_271' title='bbox 584 3808 707 3928; x_wconf 34' lang='lat' dir='ltr'>ignitis</span> 
     </span>
    </p>
   </div>
   <div class='ocr_carea' id='block_1_7' title="bbox 0 0 1350 4230">
    <p class='ocr_par' dir='ltr' id='par_1_7' title="bbox 0 0 1350 4230">
     <span class='ocr_line' id='line_1_43' title="bbox 0 0 1350 4230; baseline 0 0"><span class='ocrx_word' id='word_1_272' title='bbox 0 0 1350 4230; x_wconf 95' lang='lat' dir='ltr'> </span> 
     </span>
    </p>
   </div>
  </div>
 </body>
</html>
