2692 4230
163 134 203 195 14
622 144 775 200 ΜΕΤΑΜΜ.
1134 162 1233 201 orum

160 310 250 375 altera
273 333 341 396 pars
361 314 440 392 vivit,
460 315 545 378 rudis
566 324 611 376 est
631 332 700 395 pars
720 315 808 378 altera
830 319 926 381 tellus.
990 336 994 344 ·

161 398 272 480 quippe
293 398 345 461 ubi
366 399 540 481 temperiem
560 416 714 480 sumpsere
736 418 879 483 umorque
900 405 1049 485 calorque,
1186 414 1231 465 tun

160 485 344 566 concipiunt,
366 494 396 547 et
416 484 453 546 ab
473 484 522 546 his
542 482 681 545 oriuntur
702 495 808 546 cuncta
829 488 955 552 duobus.

160 585 288 650 cumque
309 569 347 631 sit
368 569 445 648 ignis
466 584 560 648 aquae
581 586 710 649 pugnax,
732 587 822 650 vapor
843 574 960 637 umidus
981 591 1084 636 omnes

158 671 207 715 res
229 665 317 730 creat,
340 664 370 717 et
390 653 504 716 discors
524 652 683 713 concordia
705 653 812 715 letibus
832 667 899 736 apta
920 670 973 721 est.
1066 711 1069 717 .
1115 691 1118 696 ·

95 895 98 902 .
157 737 435 885 lllllllllt
449 734 856 899 llillllltlhltsl,

158 908 248 970 edidit
270 909 440 970 innumeras
460 903 585 985 species,
608 904 773 984 partimque
794 906 902 986 figuras

156 992 271 1055 rettulit
291 991 436 1072 antiquas,
458 987 564 1069 partim
586 1005 660 1050 nova
683 999 812 1051 monstra
834 991 951 1054 creavit.

157 1076 206 1138 illa
229 1076 348 1157 quidem
371 1073 472 1147 nollet,
493 1072 546 1134 sed
567 1080 597 1134 te
619 1090 746 1153 quoque,
768 1076 892 1137 maxime
913 1075 1038 1156 Python,

157 1171 220 1223 tum
242 1161 354 1240 genuit.
397 1156 576 1241 populisque
597 1157 691 1233 nous,
713 1157 863 1240 incognite
884 1179 1016 1242 serpens,

156 1252 252 1306 terror
275 1261 354 1320 eras3
376 1252 490 1306 tantum
511 1241 598 1324 spatii
619 1242 656 1305 de
677 1253 777 1307 monte
798 1247 927 1308 tenebas.

155 1329 236 1390 bunc
259 1329 330 1390 deus
351 1329 526 1403 arcitenens,
548 1338 578 1391 et
600 1347 759 1411 numquam
781 1331 889 1394 talibus
907 1332 997 1394 armis

155 1424 224 1475 ante
247 1414 304 1476 nisi
325 1414 357 1477 in
378 1414 501 1476 dammis
523 1414 698 1496 capreisque
719 1416 873 1496 fugacibus
894 1436 975 1493 usus,

154 1498 234 1561 mille
255 1496 371 1580 'gravem
394 1498 470 1575 telis,
493 1499 631 1561 exhausta
654 1518 747 1580 paene
767 1501 913 1582 pharetra,

155 1585 283 1665 perdidit
304 1585 397 1646 effuso
420 1603 474 1666 per
494 1583 615 1645 vulnera
637 1583 720 1664 nigra
741 1603 865 1647 veneno.

155 1688 228 1731 nere
250 1669 350 1751 operis
372 1669 476 1732 lamam
499 1667 592 1750 possit
613 1668 711 1730 delere
732 1680 870 1742 vetustas,

153 1753 282 1816 instituit
302 1772 401 1816 sacros
422 1753 531 1815 celebri
552 1753 713 1814 certamine
733 1751 828 1827 ludos,

152 1839 256 1919 Pythia
278 1838 460 1918 perdomitae
481 1837 627 1917 serpentis
649 1838 768 1899 nomine
790 1838 894 1900 dictos.

152 1923 199 1985 his
220 1923 359 1984 iuvenum
381 1922 560 2002 quicumque
581 1938 671 1982 manu
692 1922 851 2002 pedibusve
872 1932 970 1984 rotave

152 2007 271 2081 deerat,
294 2006 444 2068 aesculeae
465 2005 597 2087 capiebat
620 2005 732 2068 frondis
753 2006 906 2069 honorem.

152 2093 285 2153 nondum
307 2091 408 2152 lauros
429 2101 500 2165 erat,
522 2091 671 2170 longoque
693 2091 825 2154 decentia
847 2093 929 2155 crine

151 2186 285 2258 tempora
307 2176 443 2255 cingebat
463 2176 500 2237 de
522 2175 653 2256 qualibet
672 2176 777 2238 arbore
799 2178 944 2239 Phoebus.

237 2261 353 2323 Primus
375 2279 458 2322 amor
480 2260 590 2321 Phoebi
613 2260 735 2340 Daphne
756 2262 874 2336 Peneia,
897 2283 984 2343 quem
1007 2283 1066 2326 non

151 2347 213 2408 locs
234 2346 335 2424 ignara
357 2346 446 2419 dedit,
468 2346 519 2406 sed
541 2364 624 2406 saeva
647 2344 800 2427 Cupidinis
819 2348 871 2408 ira.

150 2430 251 2492 Delius
272 2432 353 2492 hunc
375 2449 479 2511 nuper,
502 2429 578 2492 victo
600 2441 737 2511 serpente
757 2431 912 2514 superbus,

148 2516 258 2578 uiderat
279 2516 406 2577 adducto
429 2515 594 2576 flectentem
617 2532 729 2577 cornua
751 2535 840 2577 nervo

145 2593 237 2682 ‘quid'
263 2619 321 2681 que
339 2592 414 2675 ‘tibi,
437 2600 542 2662 lascire
564 2618 648 2681 puer,
669 2619 736 2662 oum
758 2600 883 2663 fortibus
904 2597 1023 2663 armisl'

148 2687 274 2760 dixerat;
294 2679 362 2746 ‘ista
383 2686 489 2746 decent
510 2703 628 2747 umeros
649 2686 808 2765 gestamina
831 2697 957 2761 nostros,

147 2771 198 2851 qui
221 2771 290 2832 dare
312 2780 390 2831 certa
412 2771 499 2844 lerae,
522 2772 591 2832 dare
611 2769 731 2832 vulnera
752 2789 911 2852 possumus
932 2772 1018 2848 hosti,

148 2857 199 2936 qui
221 2855 308 2916 modo
331 2855 471 2934 pestilem
493 2865 538 2918 tot
559 2855 659 2935 iugera
681 2864 781 2916 ventre
804 2867 984 2937 prementem

147 2941 303 3002 stravimus
325 2940 488 3002 innumeris
509 2940 655 3002 tumidum
676 2940 808 3020 Pythone
830 2942 951 3020 sagittis.

145 3034 178 3088 tu
201 3026 264 3087 lace
286 3023 386 3086 nescio
409 3044 484 3106 quos
505 3036 568 3086 esto
590 3035 748 3087 contentus
768 3043 883 3088 amores

146 3111 284 3192 indagare
304 3121 364 3184 tua,
387 3129 442 3172 nec
463 3110 565 3171 laudes
585 3128 682 3171 assere
704 3101 836 3171 nostras?

143 3277 169 3330 Μ
196 3280 307 3332 numeris
325 3276 357 3331 λ’
375 3279 459 3341 (corr.
475 3293 510 3328 m.
528 3281 639 3341 recent.)
685 3279 735 3330 432
753 3275 871 3328 humidus
888 3278 939 3343 igni
957 3295 970 3328 ε
1015 3279 1065 3330 435
1087 3275 1214 3328 aethereis

143 3345 170 3400 Μ
204 3345 482 3415 almoquellunnana.
517 3347 567 3399 438
585 3340 709 3412 phitonl
734 3343 863 3412 phytona
896 3347 946 3399 439
959 3341 1049 3396 tunel
1082 3342 1214 3410 incognita

143 3451 168 3513 (a
186 3464 250 3500 num
267 3453 304 3499 rit
321 3445 474 3512 dubiumli
518 3451 565 3501 441
581 3443 687 3500 hanel-¹
704 3449 786 3511 (corr.
804 3462 838 3496 m.
855 3451 965 3511 recent)
1000 3426 1212 3530 arcpllqpenens

142 3548 169 3603 Μ
211 3551 262 3604 442
279 3550 361 3604 damis
378 3548 412 3603 i*
440 3549 541 3615 damnis
559 3549 724 3618 cepmeisque
741 3546 767 3600 Μ
790 3552 817 3613 (n
835 3547 933 3599 &lenit
947 3563 982 3600 m.
999 3552 1106 3611 recent.)
1159 3548 1210 3598 445

142 3624 264 3686 possete
298 3621 348 3671 442
366 3617 504 3688 pytheald
531 3618 658 3686 phyteae
691 3619 741 3671 448
758 3617 799 3668 his
810 3616 898 3666 Hono.
928 3616 982 3682 sed,
999 3620 1028 3666 in
1039 3631 1126 3682 marg.
1138 3614 1212 3666 hice

141 3737 219 3792 hiec
254 3737 412 3806 pedibusque
430 3736 455 3788 Μ
500 3736 550 3790 452
568 3735 653 3805 queml
672 3736 785 3805 quand
830 3740 880 3790 ⁴54
897 3731 1000 3788 victui.
1038 3737 1087 3788 452
1107 3695 1212 3787 nilstros

202 3839 232 3892 m
445 3891 453 3904 .
540 3890 547 3903 .
626 3821 779 3875 ltumidum
1046 3820 1209 3900 'investigare

124 3893 278 3952 germina
292 3890 327 3942 M
375 3895 428 3945 460
442 3906 562 3944 rnnoems
582 3890 609 3944 Μ
655 3890 750 3944 dudum
772 3889 923 3960 phytones
972 3890 1022 3942 462
1045 3887 1166 3954 indagare
1182 3884 1209 3938 Μ
