2692 4230
106 141 168 206 228
563 147 717 203 llll‘l'dblbl.
946 163 1057 203 namna.
1081 158 1175 203 'aoovrs

107 319 268 403 intercepta
290 322 355 384 neci
376 329 437 397 est3
458 319 594 396 latosque
614 324 716 394 ragau
738 337 792 399 per
813 316 905 401 agros

109 404 275 486 palmiferos
296 405 405 468 Arabas
425 401 637 479 Panchaeaque
658 418 727 462 rura
748 403 898 486 relinquit.

107 507 219 571 perque
241 508 344 553 novem
367 485 471 549 erravit
493 482 645 545 redeuntis
665 502 777 546 cornua
798 487 896 566 lunae,

108 593 174 637 cnm
195 576 313 637 taudem
335 582 411 633 terra
433 567 576 648 requierit
596 568 673 630 fessa
696 568 815 632 Sabaea.

107 659 212 739 vixque
233 657 307 720 uteri
329 651 462 736 portabat
485 670 572 714 onus.
616 664 679 715 tum
702 654 799 715 nescia
822 658 883 718 voti

107 752 194 824 atque
216 743 293 804 inter
313 737 475 817 mortisque
497 748 594 800 metus
615 749 645 800 et
666 738 759 800 taedia
780 739 855 801 ritae

108 839 153 889 est
174 827 245 888 tales
267 822 409 902 conplexa
431 840 551 902 preces:
575 841 613 901 „o
636 823 719 904 siqua
742 824 848 904 patetis

110 912 228 974 numina
250 906 400 980 confessis,
422 907 517 968 merui
540 926 596 970 nec
617 909 701 971 triste
721 925 827 969 recuso

109 993 295 1076 supplicium.
338 991 389 1052 sed
412 1009 451 1052 ne
474 991 577 1053 violem
600 993 739 1074 virosque
760 1002 911 1074 superstes
1135 1002 1178 1055 484

109 1087 280 1156 mortuaque
303 1075 472 1150 exstinctos,
494 1077 639 1140 ambobus
660 1078 761 1160 pellite
781 1078 882 1157 regnis

109 1170 294 1240 mutataeque
315 1160 387 1221 mibi
407 1160 556 1242 vitamque
577 1181 741 1244 necemque
763 1165 897 1242 negate.“

110 1264 217 1308 numen
240 1245 382 1306 confessis
403 1245 522 1326 aliquod
545 1257 638 1329 patet:
662 1248 765 1310 ultima
787 1256 866 1310 certe

109 1338 174 1391 vota
196 1347 265 1391 suos
286 1330 414 1393 habuere
436 1331 516 1393 deos.
560 1350 628 1394 nam
650 1351 736 1395 crura
758 1332 907 1415 loquentis

110 1423 185 1476 terra
206 1415 385 1496 supervenit,
406 1425 570 1498 ruptosque
591 1417 711 1498 obliqua
733 1436 787 1498 per
808 1436 924 1499 ungues

109 1500 269 1581 porrigitur
289 1500 379 1575 radix,
401 1500 484 1580 longi
507 1501 671 1563 firmamina
693 1503 803 1575 trunci,

111 1601 234 1664 ossaque
256 1585 348 1646 robur
368 1592 470 1664 agunt,
491 1584 646 1663 mediaque
667 1597 806 1646 manente
828 1586 955 1647 medulla

110 1670 228 1748 sanguis
250 1670 272 1730 it
293 1669 323 1729 in
346 1685 443 1740 sucos,
465 1668 497 1728 in
520 1684 644 1746 magnos
666 1667 802 1730 bracchia
824 1688 931 1742 ramos,

110 1754 141 1815 in
163 1771 267 1834 parvos
288 1751 381 1830 digiti,
403 1752 526 1813 duratur
547 1751 657 1813 cortice
678 1752 774 1834 pellis.

110 1839 225 1917 iamque
246 1853 361 1916 gravem
383 1853 520 1898 crescens
542 1847 659 1898 uterum
682 1837 893 1919 perstrinxerat
914 1835 1003 1897 arbor

111 1931 288 2002 pectoraque
309 1919 447 1982 obruerat
469 1920 637 2002 collumque
659 1922 777 2003 operire
797 1921 930 2002 parabat,

113 2023 171 2067 non
193 2005 260 2067 tulit
281 2005 329 2067 illa
350 2023 474 2080 moram,
494 2006 685 2086 venientique
707 2005 791 2066 obvia
813 2004 894 2083 ligno

111 2090 240 2152 subsedit
262 2089 423 2170 mersitque
444 2107 515 2151 suos
537 2090 567 2152 in
591 2091 703 2152 cortice
724 2088 830 2151 vultus.

112 2194 185 2256 qnae
207 2192 382 2254 quamquam
404 2175 501 2236 amisit
522 2184 637 2236 veteres
659 2193 726 2237 cum
750 2192 876 2255 corpore
898 2192 1013 2248 sensns,

112 2260 162 2321 flet
184 2271 291 2333 umen,
313 2269 343 2320 et
363 2258 478 2339 tepidae
500 2270 622 2321 manant
644 2278 679 2321 ex
701 2259 807 2320 arbore
829 2267 938 2337 guttae.

112 2353 155 2406 ast
175 2345 272 2405 bonor
290 2362 306 2404 e
327 2343 464 2418 lacrimis,
486 2343 652 2424 stillataque
673 2346 782 2405 cortice
805 2362 904 2405 murra

113 2447 220 2490 nomen
243 2427 312 2490 erile
335 2438 415 2490 tenet
437 2428 580 2509 nulloque
601 2428 745 2490 tacebitur
766 2447 845 2490 aevo.

195 2519 233 2574 At
253 2513 327 2574 male
349 2521 511 2594 conceptus
533 2513 588 2575 snb
609 2512 720 2575 robore
742 2522 872 2575 creverat
893 2513 993 2574 inians

113 2597 327 2678 quaerebatque
349 2597 433 2671 viam,
456 2616 513 2678 qua
534 2617 567 2659 se
588 2599 739 2678 genetrice
760 2597 861 2660 relicta

113 2693 256 2744 exereret:
280 2683 372 2744 media
395 2683 531 2761 gravidus
553 2691 648 2744 tumet
668 2683 774 2745 arbore
795 2691 907 2743 venter.

113 2767 204 2829 tendit
226 2784 302 2827 onus
323 2778 460 2828 matrem:
483 2786 582 2847 neque
603 2768 714 2829 babent
735 2785 788 2829 sua
810 2766 896 2828 verba
919 2765 1046 2839 dolores,

113 2870 169 2913 nec
190 2851 300 2912 Lucina
323 2860 421 2932 potest
441 2851 582 2931 parientis
603 2870 676 2914 voce
697 2851 803 2914 vocari.

114 2936 218 2998 nitenti
241 2946 337 2997 tamen
361 2935 531 2997 estsimilis
553 2947 731 3018 curvataque
752 2935 873 2998 crebros

113 3021 162 3083 dat
183 3021 308 3099 gemitus
329 3020 417 3082 arbor
439 3020 626 3101 lacrimisque
647 3021 821 3084 cadentibus
842 3029 933 3081 umet.

114 3105 244 3167 constitit
266 3105 301 3165 ad
323 3122 420 3166 ramos
441 3105 521 3166 mitia
543 3106 656 3167 Lucina
677 3107 811 3168 dolentes
1144 3108 1187 3158 510

114 3188 298 3270 admovitque
341 3208 446 3251 manus
468 3200 497 3250 et
518 3189 605 3251 verba
628 3209 774 3272 puerpera
795 3189 876 3252 dixit.

114 3275 202 3336 arbor
224 3274 284 3353 agit
305 3274 394 3336 rimas
415 3284 445 3336 et
466 3276 533 3336 lissa
555 3277 666 3337 cortice
687 3277 782 3337 vivum

181 3427 229 3478 tta
248 3439 298 3492 que
315 3421 397 3476 aaut
448 3425 499 3476 479
517 3419 869 3492 pantheaque-reliquitt
920 3424 970 3475 482
988 3383 1116 3541 mgtisque
1134 3434 1187 3470 mo·

115 3499 219 3560 tumque
236 3490 305 3543 etbl
356 3494 407 3544 483
424 3496 525 3559 patent:
544 3490 624 3543 bisll
677 3495 724 3545 494
745 3490 858 3558 longebl
912 3489 1052 3542 fimamlne
1137 3489 1187 3541 493

115 3629 136 3679 it
153 3629 188 3691 inl
212 3626 302 3679 iuitbl
371 3629 420 3679 495
440 3585 624 3694 ρεηιῐίιιῖοηι
640 3625 666 3678 bl
730 3626 927 3694 precluxeratr
991 3624 1187 3693 praestrinxerat

115 3701 232 3763 quatuor
248 3695 324 3746 codd.
342 3695 453 3758 Helm,
470 3692 546 3746 Iliaca
609 3697 660 3748 496
678 3702 782 3762 pectora
801 3692 909 3761 quaebl
965 3696 1012 3745 aot
1034 3699 1060 3746 et
1077 3691 1188 3743 lacrimis

114 3767 146 3821 Α,
163 3763 311 3814 emendarit
327 3761 445 3814 Merkel²
495 3763 601 3826 cortice]
619 3762 710 3814 robore
728 3761 752 3813 bl
806 3764 855 3815 502
873 3761 1024 3829 nulliquea
1075 3764 1125 3813 blo
1143 3757 1189 3810 do-

115 3831 368 3952 {ingsmwlmm
386 3829 463 3882 codd.
479 3828 554 3882 litare
604 3834 651 3884 bll
672 3830 787 3882 admorit
805 3847 875 3881 corr.
893 3847 929 3880 ex
947 3828 1043 3882 amovit
1060 3826 1085 3878 bl
1138 3829 1187 3879 512
