2692 4230
129 117 170 178 20
570 122 743 177 nmmum
1056 137 1090 174 ro.
1119 138 1199 178 unone

128 294 224 356 donec
246 294 432 357 Arestoridae
453 294 624 359 servandam
645 295 764 357 tradidit
784 295 872 376 Argo.

128 392 249 441 centum
270 380 433 442 luminibus
453 380 584 442 cinctum
605 388 694 458 caput
715 382 812 458 Argus
833 380 971 443 babebat:
1155 390 1200 441 ets

128 463 197 526 inde
219 464 281 527 suis
302 465 415 527 vicibus
436 464 592 559 capiebant
613 462 692 529 bina
705 463 843 543 quietem,
891 496 895 502 ·

128 559 224 612 cetera
245 550 401 612 servabant
421 559 509 629 atque
531 547 561 608 in
585 546 710 609 statione
730 546 896 611 manebant.

128 636 300 697 constiterat
322 649 523 727 quocumque
532 631 632 706 modo,
653 631 804 712 spectabat
824 633 860 693 ad
882 634 930 696 lo·

128 729 197 782 aute
219 718 321 782 oculos
342 719 385 791 lo,
408 714 540 797 quamvis
560 732 690 790 aversus,
711 715 844 776 babebat

127 804 194 866 luce
215 804 286 866 sinit
307 802 404 884 pasci;
428 817 495 861 cum
518 798 564 859 sol
585 798 691 861 tellure
713 798 768 860 sub
790 800 846 861 alta
868 811 921 877 est,

127 889 237 951 claudit
258 899 288 951 et
309 886 431 964 indigno
453 884 617 945 circumdat
636 883 752 946 vincula
773 883 860 945 collo.

127 973 282 1035 troadibus
303 969 436 1031 arboreis
457 977 487 1029 et
507 987 605 1031 amara
627 969 757 1050 pascitur
778 969 879 1042 herba,

128 1075 244 1138 proque
264 1066 331 1117 toro
354 1065 449 1115 terrae
470 1072 532 1116 non
554 1073 673 1137 semper
694 1073 813 1136 gramen
835 1054 955 1117 babenti

128 1140 248 1204 incubat
270 1139 371 1201 inielix
392 1138 557 1222 limosaque
578 1140 701 1204 dumina
723 1151 813 1224 potat.

127 1225 176 1286 illa
199 1224 285 1286 etiam
308 1224 434 1306 supplex
455 1227 535 1306 Argo
557 1244 626 1289 cum
648 1227 784 1290 braccbia
804 1224 891 1289 vellet

127 1309 258 1382 tendere,
280 1328 341 1372 non
363 1310 474 1384 babuit,
496 1331 572 1392 quae
593 1312 729 1375 bracchia
751 1314 883 1374 tenderet
904 1312 992 1391 Argo.

128 1403 157 1455 et
180 1403 285 1456 conata
307 1396 391 1476 queri
412 1398 545 1476 mugitus
566 1396 657 1459 edidit
678 1415 769 1465 ore>-

127 1480 338 1577 pertimuitque
358 1499 450 1543 sonos
472 1482 654 1563 propriaque
675 1472 811 1543 exterrita
832 1499 905 1543 voce
925 1492 978 1543 est

126 1564 259 1627 renitet
280 1566 317 1628 ad
318 1567 427 1663 ripas,
449 1565 501 1627 ubi
523 1566 626 1628 ludere
645 1585 735 1648 saepe
756 1564 880 1641 solebat,

127 1649 280 1713 lnaebidas
300 1651 397 1731 ripas;
421 1669 556 1732 novaque
577 1659 612 1714 ut
633 1650 789 1732 conspexit
810 1651 841 1712 in
865 1652 943 1713 unda

107 1754 250 1812 cornua,
272 1736 423 1817 pertimuit
445 1754 536 1815 seque
558 1744 707 1798 externata
729 1735 846 1813 refugit.

128 1820 229 1882 naides
250 1821 399 1899 ignorant,
421 1820 537 1898 ignorat
560 1829 590 1881 et
610 1819 738 1881 Inachus
759 1820 832 1900 ipse,

128 1923 203 1985 quae
224 1905 276 1966 site
299 1914 327 1964 at
349 1902 397 1964 illa
421 1912 533 1982 patrem
557 1904 692 1984 sequitur
714 1903 906 1983 sequiturque
927 1922 1044 1966 sorores

127 1999 157 2049 et
178 1988 289 2069 patitur
309 1987 390 2066 tangi
413 2005 504 2067 seque
525 1988 737 2050 admirantibus
757 1987 853 2048 offert.

126 2073 280 2154 decerptas
302 2072 402 2134 senior
424 2083 596 2154 porrexerat
616 2073 742 2135 Inachus
764 2071 887 2134 berbasz

127 2157 176 2218 illa
199 2176 305 2220 manus
328 2157 429 2220 lambit
452 2159 616 2239 patriisque
637 2157 687 2220 dat
708 2157 807 2219 oscula
829 2155 934 2239 palmis

128 2262 184 2304 nec
205 2244 314 2305 retinet
336 2243 469 2304 lacrimas
490 2252 531 2318 et,
553 2245 579 2304 si
601 2244 689 2304 modo
710 2243 798 2305 verba
820 2251 989 2323 sequantur,

127 2337 192 2390 oret
213 2346 299 2408 opem
324 2347 492 2409 nomenque
513 2346 601 2389 suum
624 2347 768 2425 casusque
789 2328 936 2407 loquatur.

127 2413 223 2474 littera
244 2432 300 2494 pro
322 2413 429 2487 verbis,
452 2431 539 2494 quam
563 2431 616 2509 pes
637 2414 669 2474 in
692 2413 811 2509 pulvere
832 2414 923 2486 duxit

127 2497 263 2577 corporis
284 2499 426 2559 indicium
448 2498 553 2559 mutati
574 2498 658 2559 triste
679 2499 802 2579 peregit.

123 2577 185 2643 ‘me
207 2576 372 2645 miserumt'
398 2584 539 2644 exclamat
560 2592 645 2664 pater
665 2582 831 2657 lnacbus,¹
824 2600 914 2663 mque
936 2581 1080 2661 gementis

128 2668 269 2729 cornibus
291 2678 321 2729 et
342 2669 442 2729 niveae
463 2668 601 2770 pendens
620 2669 733 2730 cervice
754 2667 895 2729 iuvencae

124 2745 185 2813 ‘me
206 2744 374 2814 misemml‘
399 2753 571 2832 ingeminat,
590 2746 677 2814 ‘tune
699 2772 731 2813 es
753 2753 880 2833 quaesita
903 2771 956 2832 per
981 2769 1093 2825 omues,

128 2846 205 2911 nata,
226 2838 299 2899 mibi
321 2835 436 2899 terras?
457 2848 489 2899 tu
512 2857 573 2899 non
596 2838 713 2900 inventa
740 2849 855 2919 reperta

127 2922 225 2984 luctus
247 2942 312 2984 eras
333 2922 433 2984 levior.
478 2924 583 2986 retices
606 2942 661 2985 uec
681 2931 785 2985 mutua
807 2922 916 2985 nostris

127 3007 204 3068 dicta
226 3009 329 3082 refers,
350 3008 409 3069 alto
432 3018 547 3070 tautum
563 3008 688 3090 suspiria
709 3007 794 3070 ducis

128 3102 259 3173 pectore,
281 3093 421 3172 quodque
442 3113 536 3154 unum
559 3102 654 3172 potes,
676 3093 710 3154 ad
734 3111 797 3154 mea
818 3092 905 3153 rerba
926 3091 1066 3169 remugis.

127 3187 157 3239 at
177 3176 230 3239 tibi
254 3196 308 3257 ego
330 3177 451 3258 ignarus
473 3178 617 3239 thalamos
637 3179 795 3258 taedasque
816 3175 964 3258 parabam,

128 3280 255 3343 spesque
278 3262 334 3323 luit
356 3263 458 3341 generi
480 3263 552 3324 milri
575 3262 679 3345 prima,
701 3262 829 3324 secunda
855 3270 1005 3342 nepotum.

128 3347 165 3408 de
187 3365 276 3426 grege
299 3367 380 3410 nunc
402 3348 454 3409 tibi
476 3348 529 3421 vir,
553 3366 635 3410 nuuc
656 3348 693 3409 de
714 3365 804 3428 grege
826 3359 910 3409 natus
939 3346 1101 3408 habendus.
1155 3354 1202 3417 66)

128 3450 185 3493 nec
206 3432 292 3493 linire
312 3431 381 3494 licet
404 3442 503 3494 tantos
525 3433 597 3494 mihi
620 3443 714 3494 morte
735 3433 862 3505 dolores,

197 3603 247 3655 624
266 3597 433 3653 aristoridel
480 3601 529 3654 626
548 3598 636 3666 ιτΜίο
653 3597 680 3651 Μ
728 3601 778 3653 630
796 3599 866 3663 sinit]
885 3597 979 3652 sintbl
1029 3600 1079 3652 663
1097 3596 1201 3650 babenti

128 3668 149 3733 (t
167 3666 247 3733 ead)
263 3666 290 3719 Μ
354 3671 402 3724 637
425 3671 573 3748 collatoque
598 3667 669 3735 queri
694 3667 868 3720 cantitatos.
892 3666 936 3734 (cl.
960 3665 1055 3719 heroid.
1074 3663 1201 3730 met)

129 3737 179 3789 640
196 3734 328 3789 inacbides
346 3732 362 3788 λ
412 3736 490 3804 ripas]
508 3735 588 3788 rictus
606 3735 709 3788 Merkel
770 3738 817 3790 641
837 3749 946 3803 seseque
963 3734 1083 3786 exterrita
1101 3733 1167 3800 sugit
1186 3729 1202 3784 t

129 3805 205 3857 6426
206 3808 307 3872 gnorat]
325 3801 464 3857 miraturi
524 3807 574 3856 ult
593 3807 629 3868 et]
648 3804 692 3858 sed
710 3802 736 3855 ll
793 3806 842 3857 664
860 3811 959 3872 reperta
976 3803 1043 3856 esd
1080 3804 1203 3855 conexit

119 3873 229 3922 stat-m
281 3875 332 3926 666
347 3890 417 3926 nrrnc
435 3873 467 3926 de
485 3873 575 3925 Heius.
611 3872 686 3926 etde
704 3871 726 3924 Α
743 3872 814 3936 (stne
830 3874 939 3937 rasuera)
