<?xml version="1.0" encoding="UTF-8"?>
<!DOCTYPE html PUBLIC "-//W3C//DTD XHTML 1.0 Transitional//EN"
    "http://www.w3.org/TR/xhtml1/DTD/xhtml1-transitional.dtd">
<html xmlns="http://www.w3.org/1999/xhtml" xml:lang="en" lang="en">
 <head>
  <title>
</title>
<meta http-equiv="Content-Type" content="text/html;charset=utf-8" />
  <meta name='ocr-system' content='tesseract 3.04.00' />
  <meta name='ocr-capabilities' content='ocr_page ocr_carea ocr_par ocr_line ocrx_word'/>
</head>
<body>
  <div class='ocr_page' id='page_1' title='image "./povidinasonisme00korngoog_0191.png"; bbox 0 0 2692 4230; ppageno 0'>
   <div class='ocr_carea' id='block_1_1' title="bbox 90 119 702 185">
    <p class='ocr_par' dir='ltr' id='par_1_1' title="bbox 90 119 702 185">
     <span class='ocr_line' id='line_1_1' title="bbox 90 119 702 185; baseline 0.007 -4"><span class='ocrx_word' id='word_1_1' title='bbox 90 119 151 182; x_wconf 80' lang='grc'><strong>171</strong></span> <span class='ocrx_word' id='word_1_2' title='bbox 547 128 702 185; x_wconf 73' lang='lat' dir='ltr'><strong>muttit.</strong></span> 
     </span>
    </p>
   </div>
   <div class='ocr_carea' id='block_1_2' title="bbox 9 296 1005 2737">
    <p class='ocr_par' dir='ltr' id='par_1_2' title="bbox 89 296 896 449">
     <span class='ocr_line' id='line_1_2' title="bbox 89 296 896 380; baseline 0.009 -20"><span class='ocrx_word' id='word_1_3' title='bbox 89 298 116 361; x_wconf 90' lang='lat' dir='ltr'><strong>is</strong></span> <span class='ocrx_word' id='word_1_4' title='bbox 136 299 223 362; x_wconf 91' lang='lat' dir='ltr'><strong>modo</strong></span> <span class='ocrx_word' id='word_1_5' title='bbox 245 312 410 365; x_wconf 82' lang='lat' dir='ltr'><strong>crescentes</strong></span> <span class='ocrx_word' id='word_1_6' title='bbox 431 306 547 379; x_wconf 90' lang='lat' dir='ltr'><strong>segetes</strong></span> <span class='ocrx_word' id='word_1_7' title='bbox 568 296 720 378; x_wconf 76' lang='lat' dir='ltr'><strong>proculcat</strong></span> <span class='ocrx_word' id='word_1_8' title='bbox 741 301 773 364; x_wconf 94' lang='lat' dir='ltr'><strong>in</strong></span> <span class='ocrx_word' id='word_1_9' title='bbox 795 302 896 380; x_wconf 85' lang='lat' dir='ltr'><strong>herba,</strong></span> 
     </span>
     <span class='ocr_line' id='line_1_3' title="bbox 89 380 735 449; baseline 0 -3"><span class='ocrx_word' id='word_1_10' title='bbox 89 402 170 447; x_wconf 90' lang='lat' dir='ltr'><strong>nune</strong></span> <span class='ocrx_word' id='word_1_11' title='bbox 190 396 302 449; x_wconf 87' lang='lat' dir='ltr'><strong>matura</strong></span> <span class='ocrx_word' id='word_1_12' title='bbox 322 385 408 448; x_wconf 93' lang='lat' dir='ltr'><strong>metit</strong></span> <span class='ocrx_word' id='word_1_13' title='bbox 428 380 524 445; x_wconf 80' lang='lat' dir='ltr'><strong>neruri</strong></span> <span class='ocrx_word' id='word_1_14' title='bbox 546 388 612 443; x_wconf 91' lang='lat' dir='ltr'><strong>rota</strong></span> <span class='ocrx_word' id='word_1_15' title='bbox 636 380 735 446; x_wconf 91' lang='lat' dir='ltr'><strong>coloni</strong></span> 
     </span>
    </p>

    <p class='ocr_par' dir='ltr' id='par_1_3' title="bbox 88 465 855 549">
     <span class='ocr_line' id='line_1_4' title="bbox 88 465 855 549; baseline 0.004 -18"><span class='ocrx_word' id='word_1_16' title='bbox 88 478 118 531; x_wconf 92' lang='lat' dir='ltr'><strong>et</strong></span> <span class='ocrx_word' id='word_1_17' title='bbox 138 470 274 534; x_wconf 82' lang='lat' dir='ltr'><strong>Cererem</strong></span> <span class='ocrx_word' id='word_1_18' title='bbox 296 471 326 532; x_wconf 94' lang='lat' dir='ltr'><strong>in</strong></span> <span class='ocrx_word' id='word_1_19' title='bbox 349 466 438 549; x_wconf 84' lang='lat' dir='ltr'><strong>spicis</strong></span> <span class='ocrx_word' id='word_1_20' title='bbox 458 465 616 546; x_wconf 75' lang='lat' dir='ltr'><strong>intercipit.</strong></span> <span class='ocrx_word' id='word_1_21' title='bbox 658 483 726 529; x_wconf 88' lang='lat' dir='ltr'><strong>area</strong></span> <span class='ocrx_word' id='word_1_22' title='bbox 747 469 855 534; x_wconf 79' lang='lat' dir='ltr'><strong>lrusha</strong></span> 
     </span>
    </p>

    <p class='ocr_par' dir='ltr' id='par_1_4' title="bbox 85 549 907 1474">
     <span class='ocr_line' id='line_1_5' title="bbox 88 549 885 634; baseline 0 -20"><span class='ocrx_word' id='word_1_23' title='bbox 88 562 117 615; x_wconf 88' lang='lat' dir='ltr'><strong>et</strong></span> <span class='ocrx_word' id='word_1_24' title='bbox 138 554 246 617; x_wconf 88' lang='lat' dir='ltr'><strong>lrustra</strong></span> <span class='ocrx_word' id='word_1_25' title='bbox 268 558 437 634; x_wconf 83' lang='lat' dir='ltr'><strong>exspectant</strong></span> <span class='ocrx_word' id='word_1_26' title='bbox 458 549 618 631; x_wconf 86' lang='lat' dir='ltr'><strong>promissas</strong></span> <span class='ocrx_word' id='word_1_27' title='bbox 637 551 744 613; x_wconf 91' lang='lat' dir='ltr'><strong>horrea</strong></span> <span class='ocrx_word' id='word_1_28' title='bbox 766 571 885 620; x_wconf 76' lang='lat' dir='ltr'><strong>messes.</strong></span> 
     </span>
     <span class='ocr_line' id='line_1_6' title="bbox 88 634 899 717; baseline 0.001 -18"><span class='ocrx_word' id='word_1_29' title='bbox 88 647 262 701; x_wconf 85' lang='lat' dir='ltr'><strong>sternuntur</strong></span> <span class='ocrx_word' id='word_1_30' title='bbox 283 635 393 716; x_wconf 76' lang='lat' dir='ltr'><strong>gravidi</strong></span> <span class='ocrx_word' id='word_1_31' title='bbox 414 634 503 714; x_wconf 91' lang='lat' dir='ltr'><strong>longo</strong></span> <span class='ocrx_word' id='word_1_32' title='bbox 526 653 594 697; x_wconf 91' lang='lat' dir='ltr'><strong>cum</strong></span> <span class='ocrx_word' id='word_1_33' title='bbox 616 634 736 717; x_wconf 88' lang='lat' dir='ltr'><strong>palmite</strong></span> <span class='ocrx_word' id='word_1_34' title='bbox 757 637 834 700; x_wconf 90' lang='lat' dir='ltr'><strong>letus</strong></span> <span class='ocrx_word' id='word_1_35' title='bbox 896 636 899 641; x_wconf 82' lang='grc'><strong>’</strong></span> 
     </span>
     <span class='ocr_line' id='line_1_7' title="bbox 87 718 861 804; baseline 0 -19"><span class='ocrx_word' id='word_1_36' title='bbox 87 722 216 804; x_wconf 76' lang='lat' dir='ltr'>bacaque</span> <span class='ocrx_word' id='word_1_37' title='bbox 238 738 305 783; x_wconf 91' lang='lat' dir='ltr'><strong>oum</strong></span> <span class='ocrx_word' id='word_1_38' title='bbox 327 718 417 781; x_wconf 91' lang='lat' dir='ltr'><strong>ramis</strong></span> <span class='ocrx_word' id='word_1_39' title='bbox 436 736 554 801; x_wconf 87' lang='lat' dir='ltr'><strong>semper</strong></span> <span class='ocrx_word' id='word_1_40' title='bbox 573 719 739 784; x_wconf 73' lang='lat' dir='ltr'><strong>{tondentis</strong></span> <span class='ocrx_word' id='word_1_41' title='bbox 759 719 861 784; x_wconf 89' lang='lat' dir='ltr'><strong>olirae.</strong></span> 
     </span>
     <span class='ocr_line' id='line_1_8' title="bbox 87 803 907 887; baseline 0 -17"><span class='ocrx_word' id='word_1_42' title='bbox 87 807 176 869; x_wconf 82' lang='lat' dir='ltr'><strong>saevit</strong></span> <span class='ocrx_word' id='word_1_43' title='bbox 197 817 227 868; x_wconf 91' lang='lat' dir='ltr'><strong>et</strong></span> <span class='ocrx_word' id='word_1_44' title='bbox 247 805 278 866; x_wconf 92' lang='lat' dir='ltr'><strong>in</strong></span> <span class='ocrx_word' id='word_1_45' title='bbox 301 803 445 885; x_wconf 85' lang='lat' dir='ltr'><strong>pecudes:</strong></span> <span class='ocrx_word' id='word_1_46' title='bbox 468 822 528 867; x_wconf 93' lang='lat' dir='ltr'><strong>non</strong></span> <span class='ocrx_word' id='word_1_47' title='bbox 550 806 603 868; x_wconf 89' lang='lat' dir='ltr'><strong>has</strong></span> <span class='ocrx_word' id='word_1_48' title='bbox 624 813 759 887; x_wconf 73' lang='lat' dir='ltr'><strong>pastorve</strong></span> <span class='ocrx_word' id='word_1_49' title='bbox 782 806 907 884; x_wconf 83' lang='lat' dir='ltr'><strong>canisve,</strong></span> 
     </span>
     <span class='ocr_line' id='line_1_9' title="bbox 88 889 847 970; baseline -0.001 -18"><span class='ocrx_word' id='word_1_50' title='bbox 88 910 148 953; x_wconf 95' lang='lat' dir='ltr'><strong>non</strong></span> <span class='ocrx_word' id='word_1_51' title='bbox 169 896 299 953; x_wconf 87' lang='lat' dir='ltr'><strong>armenta</strong></span> <span class='ocrx_word' id='word_1_52' title='bbox 321 895 418 949; x_wconf 90' lang='lat' dir='ltr'><strong>truces</strong></span> <span class='ocrx_word' id='word_1_53' title='bbox 438 898 564 970; x_wconf 89' lang='lat' dir='ltr'><strong>possunt</strong></span> <span class='ocrx_word' id='word_1_54' title='bbox 585 889 742 953; x_wconf 80' lang='lat' dir='ltr'><strong>defendere</strong></span> <span class='ocrx_word' id='word_1_55' title='bbox 762 890 847 951; x_wconf 81' lang='lat' dir='ltr'><strong>tauri</strong></span> 
     </span>
     <span class='ocr_line' id='line_1_10' title="bbox 87 972 864 1053; baseline 0 -16"><span class='ocrx_word' id='word_1_56' title='bbox 87 975 245 1053; x_wconf 79' lang='lat' dir='ltr'><strong>diffugiunt</strong></span> <span class='ocrx_word' id='word_1_57' title='bbox 265 972 368 1052; x_wconf 91' lang='lat' dir='ltr'><strong>populi</strong></span> <span class='ocrx_word' id='word_1_58' title='bbox 392 991 448 1035; x_wconf 93' lang='lat' dir='ltr'><strong>nec</strong></span> <span class='ocrx_word' id='word_1_59' title='bbox 469 992 501 1036; x_wconf 88' lang='lat' dir='ltr'><strong>sc</strong></span> <span class='ocrx_word' id='word_1_60' title='bbox 522 975 579 1037; x_wconf 88' lang='lat' dir='ltr'><strong>nisi</strong></span> <span class='ocrx_word' id='word_1_61' title='bbox 601 972 759 1038; x_wconf 86' lang='lat' dir='ltr'><strong>moenibus</strong></span> <span class='ocrx_word' id='word_1_62' title='bbox 781 974 864 1037; x_wconf 89' lang='lat' dir='ltr'><strong>urbis</strong></span> 
     </span>
     <span class='ocr_line' id='line_1_11' title="bbox 87 1058 820 1141; baseline 0 -21"><span class='ocrx_word' id='word_1_63' title='bbox 87 1077 151 1120; x_wconf 90' lang='lat' dir='ltr'><strong>esse</strong></span> <span class='ocrx_word' id='word_1_64' title='bbox 172 1065 277 1137; x_wconf 87' lang='lat' dir='ltr'><strong>putant</strong></span> <span class='ocrx_word' id='word_1_65' title='bbox 299 1064 389 1133; x_wconf 91' lang='lat' dir='ltr'><strong>tutos,</strong></span> <span class='ocrx_word' id='word_1_66' title='bbox 411 1058 506 1122; x_wconf 91' lang='lat' dir='ltr'><strong>donec</strong></span> <span class='ocrx_word' id='word_1_67' title='bbox 527 1060 690 1141; x_wconf 73' lang='lat' dir='ltr'><strong>Meleagron</strong></span> <span class='ocrx_word' id='word_1_68' title='bbox 710 1068 740 1121; x_wconf 92' lang='lat' dir='ltr'><strong>et</strong></span> <span class='ocrx_word' id='word_1_69' title='bbox 761 1076 820 1120; x_wconf 86' lang='lat' dir='ltr'><strong>una</strong></span> 
     </span>
     <span class='ocr_line' id='line_1_12' title="bbox 86 1140 858 1228; baseline 0.003 -25"><span class='ocrx_word' id='word_1_70' title='bbox 86 1142 160 1203; x_wconf 86' lang='lat' dir='ltr'><strong>lecta</strong></span> <span class='ocrx_word' id='word_1_71' title='bbox 181 1158 286 1201; x_wconf 84' lang='lat' dir='ltr'><strong>manus</strong></span> <span class='ocrx_word' id='word_1_72' title='bbox 308 1140 445 1206; x_wconf 86' lang='lat' dir='ltr'><strong>iuvenum</strong></span> <span class='ocrx_word' id='word_1_73' title='bbox 467 1144 564 1207; x_wconf 89' lang='lat' dir='ltr'><strong>coiere</strong></span> <span class='ocrx_word' id='word_1_74' title='bbox 586 1145 727 1228; x_wconf 89' lang='lat' dir='ltr'><strong>cupidine</strong></span> <span class='ocrx_word' id='word_1_75' title='bbox 748 1143 858 1206; x_wconf 88' lang='lat' dir='ltr'><strong>laudis:</strong></span> 
     </span>
     <span class='ocr_line' id='line_1_13' title="bbox 85 1225 884 1311; baseline 0.009 -27"><span class='ocrx_word' id='word_1_76' title='bbox 85 1225 266 1304; x_wconf 83' lang='lat' dir='ltr'><strong>Tyndaridae</strong></span> <span class='ocrx_word' id='word_1_77' title='bbox 287 1225 406 1306; x_wconf 90' lang='lat' dir='ltr'><strong>gemini,</strong></span> <span class='ocrx_word' id='word_1_78' title='bbox 428 1238 610 1311; x_wconf 73' lang='lat' dir='ltr'><strong>praestantes</strong></span> <span class='ocrx_word' id='word_1_79' title='bbox 630 1229 776 1292; x_wconf 87' lang='lat' dir='ltr'><strong>caestibus</strong></span> <span class='ocrx_word' id='word_1_80' title='bbox 799 1228 884 1305; x_wconf 87' lang='lat' dir='ltr'><strong>alter,</strong></span> 
     </span>
     <span class='ocr_line' id='line_1_14' title="bbox 85 1308 794 1395; baseline 0.008 -25"><span class='ocrx_word' id='word_1_81' title='bbox 85 1308 159 1370; x_wconf 87' lang='lat' dir='ltr'><strong>alter</strong></span> <span class='ocrx_word' id='word_1_82' title='bbox 179 1328 266 1390; x_wconf 90' lang='lat' dir='ltr'><strong>equo,</strong></span> <span class='ocrx_word' id='word_1_83' title='bbox 287 1311 456 1395; x_wconf 88' lang='lat' dir='ltr'><strong>primaeque</strong></span> <span class='ocrx_word' id='word_1_84' title='bbox 478 1313 547 1376; x_wconf 91' lang='lat' dir='ltr'><strong>ratis</strong></span> <span class='ocrx_word' id='word_1_85' title='bbox 567 1312 688 1377; x_wconf 87' lang='lat' dir='ltr'><strong>molitor</strong></span> <span class='ocrx_word' id='word_1_86' title='bbox 707 1313 794 1376; x_wconf 89' lang='lat' dir='ltr'><strong>lason</strong></span> 
     </span>
     <span class='ocr_line' id='line_1_15' title="bbox 86 1395 802 1474; baseline 0.008 -20"><span class='ocrx_word' id='word_1_87' title='bbox 86 1403 203 1455; x_wconf 90' lang='lat' dir='ltr'><strong>etcum</strong></span> <span class='ocrx_word' id='word_1_88' title='bbox 224 1395 368 1474; x_wconf 80' lang='lat' dir='ltr'><strong>Pirithoo,</strong></span> <span class='ocrx_word' id='word_1_89' title='bbox 391 1398 459 1459; x_wconf 85' lang='lat' dir='ltr'><strong>lelix</strong></span> <span class='ocrx_word' id='word_1_90' title='bbox 480 1398 648 1473; x_wconf 90' lang='lat' dir='ltr'><strong>concordia,</strong></span> <span class='ocrx_word' id='word_1_91' title='bbox 670 1398 802 1461; x_wconf 80' lang='lat' dir='ltr'><strong>Theseus</strong></span> 
     </span>
    </p>

    <p class='ocr_par' dir='ltr' id='par_1_5' title="bbox 86 1479 847 1563">
     <span class='ocr_line' id='line_1_16' title="bbox 86 1479 847 1563; baseline 0.009 -25"><span class='ocrx_word' id='word_1_92' title='bbox 86 1487 116 1539; x_wconf 95' lang='lat' dir='ltr'><strong>et</strong></span> <span class='ocrx_word' id='word_1_93' title='bbox 137 1479 195 1540; x_wconf 92' lang='lat' dir='ltr'><strong>duo</strong></span> <span class='ocrx_word' id='word_1_94' title='bbox 213 1480 395 1557; x_wconf 81' lang='lat' dir='ltr'><strong>Thestiadae,</strong></span> <span class='ocrx_word' id='word_1_95' title='bbox 416 1481 514 1563; x_wconf 94' lang='lat' dir='ltr'><strong>proles</strong></span> <span class='ocrx_word' id='word_1_96' title='bbox 533 1483 689 1563; x_wconf 78' lang='lat' dir='ltr'><strong>Aphareia,</strong></span> <span class='ocrx_word' id='word_1_97' title='bbox 710 1483 847 1562; x_wconf 90' lang='lat' dir='ltr'><strong>Lynceus</strong></span> 
     </span>
    </p>

    <p class='ocr_par' dir='ltr' id='par_1_6' title="bbox 83 1563 1005 2066">
     <span class='ocr_line' id='line_1_17' title="bbox 85 1563 811 1639; baseline 0.006 -15"><span class='ocrx_word' id='word_1_98' title='bbox 85 1572 114 1625; x_wconf 89' lang='lat' dir='ltr'><strong>et</strong></span> <span class='ocrx_word' id='word_1_99' title='bbox 134 1563 218 1627; x_wconf 83' lang='lat' dir='ltr'><strong>relax</strong></span> <span class='ocrx_word' id='word_1_100' title='bbox 238 1565 313 1639; x_wconf 91' lang='lat' dir='ltr'><strong>Idas,</strong></span> <span class='ocrx_word' id='word_1_101' title='bbox 335 1573 365 1627; x_wconf 92' lang='lat' dir='ltr'><strong>et</strong></span> <span class='ocrx_word' id='word_1_102' title='bbox 387 1566 443 1627; x_wconf 90' lang='lat' dir='ltr'><strong>iam</strong></span> <span class='ocrx_word' id='word_1_103' title='bbox 463 1583 525 1627; x_wconf 88' lang='lat' dir='ltr'><strong>nou</strong></span> <span class='ocrx_word' id='word_1_104' title='bbox 548 1566 657 1627; x_wconf 85' lang='lat' dir='ltr'><strong>lomina</strong></span> <span class='ocrx_word' id='word_1_105' title='bbox 679 1566 811 1628; x_wconf 66' lang='lat' dir='ltr'><strong>&amp;eneas</strong></span> 
     </span>
     <span class='ocr_line' id='line_1_18' title="bbox 84 1646 880 1730; baseline 0.001 -21"><span class='ocrx_word' id='word_1_106' title='bbox 84 1646 311 1730; x_wconf 81' lang='lat' dir='ltr'><strong>Leucippusque</strong></span> <span class='ocrx_word' id='word_1_107' title='bbox 332 1650 414 1710; x_wconf 81' lang='lat' dir='ltr'><strong>feror</strong></span> <span class='ocrx_word' id='word_1_108' title='bbox 434 1648 589 1729; x_wconf 87' lang='lat' dir='ltr'><strong>iaculoque</strong></span> <span class='ocrx_word' id='word_1_109' title='bbox 610 1648 736 1727; x_wconf 86' lang='lat' dir='ltr'><strong>insignis</strong></span> <span class='ocrx_word' id='word_1_110' title='bbox 756 1651 880 1711; x_wconf 86' lang='lat' dir='ltr'><strong>Acastus</strong></span> 
     </span>
     <span class='ocr_line' id='line_1_19' title="bbox 84 1730 1005 1814; baseline 0.002 -21"><span class='ocrx_word' id='word_1_111' title='bbox 84 1730 329 1814; x_wconf 79' lang='lat' dir='ltr'><strong>Hippothousque</strong></span> <span class='ocrx_word' id='word_1_112' title='bbox 351 1731 499 1814; x_wconf 73' lang='lat' dir='ltr'><strong>Dryasque</strong></span> <span class='ocrx_word' id='word_1_113' title='bbox 520 1741 550 1794; x_wconf 88' lang='lat' dir='ltr'><strong>et</strong></span> <span class='ocrx_word' id='word_1_114' title='bbox 570 1741 669 1795; x_wconf 90' lang='lat' dir='ltr'><strong>cretus</strong></span> <span class='ocrx_word' id='word_1_115' title='bbox 691 1735 850 1814; x_wconf 74' lang='lat' dir='ltr'><strong>Amyntore</strong></span> <span class='ocrx_word' id='word_1_116' title='bbox 875 1732 1005 1795; x_wconf 85' lang='lat' dir='ltr'><strong>Phoenix</strong></span> 
     </span>
     <span class='ocr_line' id='line_1_20' title="bbox 84 1816 903 1899; baseline 0.001 -21"><span class='ocrx_word' id='word_1_117' title='bbox 84 1817 296 1898; x_wconf 76' lang='lat' dir='ltr'><strong>Actoridaeque</strong></span> <span class='ocrx_word' id='word_1_118' title='bbox 317 1835 403 1898; x_wconf 92' lang='lat' dir='ltr'><strong>pares</strong></span> <span class='ocrx_word' id='word_1_119' title='bbox 424 1826 453 1878; x_wconf 86' lang='lat' dir='ltr'><strong>et</strong></span> <span class='ocrx_word' id='word_1_120' title='bbox 474 1816 581 1879; x_wconf 85' lang='lat' dir='ltr'><strong>missus</strong></span> <span class='ocrx_word' id='word_1_121' title='bbox 602 1817 639 1879; x_wconf 90' lang='lat' dir='ltr'><strong>ah</strong></span> <span class='ocrx_word' id='word_1_122' title='bbox 660 1817 743 1879; x_wconf 86' lang='lat' dir='ltr'><strong>Elide</strong></span> <span class='ocrx_word' id='word_1_123' title='bbox 764 1817 903 1899; x_wconf 75' lang='lat' dir='ltr'><strong>Phyleus.</strong></span> 
     </span>
     <span class='ocr_line' id='line_1_21' title="bbox 85 1900 878 1983; baseline 0.004 -22"><span class='ocrx_word' id='word_1_124' title='bbox 85 1919 139 1962; x_wconf 92' lang='lat' dir='ltr'><strong>nec</strong></span> <span class='ocrx_word' id='word_1_125' title='bbox 159 1901 300 1963; x_wconf 86' lang='lat' dir='ltr'><strong>Telamon</strong></span> <span class='ocrx_word' id='word_1_126' title='bbox 322 1901 421 1964; x_wconf 86' lang='lat' dir='ltr'><strong>aberat</strong></span> <span class='ocrx_word' id='word_1_127' title='bbox 442 1901 601 1983; x_wconf 79' lang='lat' dir='ltr'><strong>magnique</strong></span> <span class='ocrx_word' id='word_1_128' title='bbox 622 1910 736 1964; x_wconf 91' lang='lat' dir='ltr'><strong>creator</strong></span> <span class='ocrx_word' id='word_1_129' title='bbox 756 1900 878 1965; x_wconf 91' lang='lat' dir='ltr'><strong>Achillis</strong></span> 
     </span>
     <span class='ocr_line' id='line_1_22' title="bbox 83 1985 707 2066; baseline 0 -20"><span class='ocrx_word' id='word_1_130' title='bbox 83 2004 209 2065; x_wconf 91' lang='lat' dir='ltr'><strong>cumque</strong></span> <span class='ocrx_word' id='word_1_131' title='bbox 231 1985 401 2048; x_wconf 88' lang='lat' dir='ltr'><strong>Pheretiade</strong></span> <span class='ocrx_word' id='word_1_132' title='bbox 423 1995 452 2048; x_wconf 90' lang='lat' dir='ltr'><strong>et</strong></span> <span class='ocrx_word' id='word_1_133' title='bbox 473 1986 606 2066; x_wconf 83' lang='lat' dir='ltr'><strong>Hyanteo</strong></span> <span class='ocrx_word' id='word_1_134' title='bbox 627 1986 707 2048; x_wconf 86' lang='lat' dir='ltr'><strong>lolao</strong></span> 
     </span>
    </p>

    <p class='ocr_par' dir='ltr' id='par_1_7' title="bbox 9 2068 980 2737">
     <span class='ocr_line' id='line_1_23' title="bbox 9 2068 817 2151; baseline 0.002 -21"><span class='ocrx_word' id='word_1_135' title='bbox 9 2068 13 2075; x_wconf 84' lang='grc'><em>“</em></span> <span class='ocrx_word' id='word_1_136' title='bbox 83 2069 208 2151; x_wconf 88' lang='lat' dir='ltr'><strong>impiger</strong></span> <span class='ocrx_word' id='word_1_137' title='bbox 228 2070 373 2150; x_wconf 82' lang='lat' dir='ltr'><strong>Eurytion</strong></span> <span class='ocrx_word' id='word_1_138' title='bbox 395 2081 422 2133; x_wconf 88' lang='lat' dir='ltr'><strong>et</strong></span> <span class='ocrx_word' id='word_1_139' title='bbox 445 2090 533 2134; x_wconf 91' lang='lat' dir='ltr'><strong>cursu</strong></span> <span class='ocrx_word' id='word_1_140' title='bbox 555 2070 682 2134; x_wconf 83' lang='lat' dir='ltr'><strong>invictus</strong></span> <span class='ocrx_word' id='word_1_141' title='bbox 703 2070 817 2133; x_wconf 83' lang='lat' dir='ltr'><strong>Echion</strong></span> 
     </span>
     <span class='ocr_line' id='line_1_24' title="bbox 82 2153 980 2237; baseline -0.001 -21"><span class='ocrx_word' id='word_1_142' title='bbox 82 2153 281 2235; x_wconf 89' lang='lat' dir='ltr'><strong>Naryciusque</strong></span> <span class='ocrx_word' id='word_1_143' title='bbox 304 2155 391 2217; x_wconf 81' lang='lat' dir='ltr'><strong>Lelex</strong></span> <span class='ocrx_word' id='word_1_144' title='bbox 413 2155 628 2237; x_wconf 86' lang='lat' dir='ltr'><strong>Panopeusque</strong></span> <span class='ocrx_word' id='word_1_145' title='bbox 649 2155 819 2236; x_wconf 86' lang='lat' dir='ltr'><strong>Hyleusque</strong></span> <span class='ocrx_word' id='word_1_146' title='bbox 840 2155 980 2235; x_wconf 84' lang='lat' dir='ltr'><strong>ferorque</strong></span> 
     </span>
     <span class='ocr_line' id='line_1_25' title="bbox 83 2237 882 2321; baseline 0 -21"><span class='ocrx_word' id='word_1_147' title='bbox 83 2237 230 2320; x_wconf 80' lang='lat' dir='ltr'><strong>Hippasus</strong></span> <span class='ocrx_word' id='word_1_148' title='bbox 252 2250 281 2302; x_wconf 93' lang='lat' dir='ltr'><strong>et</strong></span> <span class='ocrx_word' id='word_1_149' title='bbox 302 2239 404 2321; x_wconf 91' lang='lat' dir='ltr'><strong>primis</strong></span> <span class='ocrx_word' id='word_1_150' title='bbox 425 2238 583 2302; x_wconf 83' lang='lat' dir='ltr'><strong>etiamnum</strong></span> <span class='ocrx_word' id='word_1_151' title='bbox 604 2240 712 2302; x_wconf 87' lang='lat' dir='ltr'><strong>Nestor</strong></span> <span class='ocrx_word' id='word_1_152' title='bbox 733 2241 763 2301; x_wconf 93' lang='lat' dir='ltr'><strong>in</strong></span> <span class='ocrx_word' id='word_1_153' title='bbox 786 2240 882 2314; x_wconf 86' lang='lat' dir='ltr'><strong>annis,</strong></span> 
     </span>
     <span class='ocr_line' id='line_1_26' title="bbox 84 2323 820 2407; baseline 0.001 -23"><span class='ocrx_word' id='word_1_154' title='bbox 84 2333 114 2385; x_wconf 94' lang='lat' dir='ltr'><strong>et</strong></span> <span class='ocrx_word' id='word_1_155' title='bbox 135 2342 210 2404; x_wconf 91' lang='lat' dir='ltr'><strong>quos</strong></span> <span class='ocrx_word' id='word_1_156' title='bbox 231 2324 409 2405; x_wconf 88' lang='lat' dir='ltr'><strong>llippoooon</strong></span> <span class='ocrx_word' id='word_1_157' title='bbox 431 2324 560 2407; x_wconf 92' lang='lat' dir='ltr'><strong>antiquis</strong></span> <span class='ocrx_word' id='word_1_158' title='bbox 582 2325 662 2387; x_wconf 92' lang='lat' dir='ltr'><strong>misit</strong></span> <span class='ocrx_word' id='word_1_159' title='bbox 683 2323 820 2403; x_wconf 91' lang='lat' dir='ltr'><strong>Amyclis,</strong></span> 
     </span>
     <span class='ocr_line' id='line_1_27' title="bbox 82 2407 813 2491; baseline -0.001 -22"><span class='ocrx_word' id='word_1_160' title='bbox 82 2407 305 2491; x_wconf 88' lang='lat' dir='ltr'><strong>Penelopaeque</strong></span> <span class='ocrx_word' id='word_1_161' title='bbox 327 2428 410 2471; x_wconf 92' lang='lat' dir='ltr'><strong>socer</strong></span> <span class='ocrx_word' id='word_1_162' title='bbox 432 2427 498 2472; x_wconf 90' lang='lat' dir='ltr'><strong>oum</strong></span> <span class='ocrx_word' id='word_1_163' title='bbox 522 2409 674 2472; x_wconf 89' lang='lat' dir='ltr'><strong>Parrhasio</strong></span> <span class='ocrx_word' id='word_1_164' title='bbox 696 2412 813 2472; x_wconf 74' lang='lat' dir='ltr'><strong>Ancaeo</strong></span> 
     </span>
     <span class='ocr_line' id='line_1_28' title="bbox 83 2493 881 2574; baseline 0 -20"><span class='ocrx_word' id='word_1_165' title='bbox 83 2493 315 2574; x_wconf 88' lang='lat' dir='ltr'><strong>Ampycidesque</strong></span> <span class='ocrx_word' id='word_1_166' title='bbox 335 2512 422 2574; x_wconf 86' lang='lat' dir='ltr'><strong>sagax</strong></span> <span class='ocrx_word' id='word_1_167' title='bbox 443 2505 473 2556; x_wconf 90' lang='lat' dir='ltr'><strong>et</strong></span> <span class='ocrx_word' id='word_1_168' title='bbox 494 2495 590 2556; x_wconf 91' lang='lat' dir='ltr'><strong>adhuc</strong></span> <span class='ocrx_word' id='word_1_169' title='bbox 611 2515 627 2556; x_wconf 89' lang='lat' dir='ltr'><strong>a</strong></span> <span class='ocrx_word' id='word_1_170' title='bbox 649 2494 775 2572; x_wconf 90' lang='lat' dir='ltr'><strong>coniuge</strong></span> <span class='ocrx_word' id='word_1_171' title='bbox 801 2503 881 2556; x_wconf 90' lang='lat' dir='ltr'><strong>tutus</strong></span> 
     </span>
     <span class='ocr_line' id='line_1_29' title="bbox 83 2577 827 2661; baseline -0.001 -22"><span class='ocrx_word' id='word_1_172' title='bbox 83 2577 217 2640; x_wconf 87' lang='lat' dir='ltr'><strong>Oeclides</strong></span> <span class='ocrx_word' id='word_1_173' title='bbox 239 2579 427 2661; x_wconf 90' lang='lat' dir='ltr'><strong>nemorisque</strong></span> <span class='ocrx_word' id='word_1_174' title='bbox 448 2580 538 2641; x_wconf 86' lang='lat' dir='ltr'><strong>decus</strong></span> <span class='ocrx_word' id='word_1_175' title='bbox 559 2579 690 2659; x_wconf 80' lang='lat' dir='ltr'><strong>Tegeaea</strong></span> <span class='ocrx_word' id='word_1_176' title='bbox 713 2578 827 2657; x_wconf 86' lang='lat' dir='ltr'><strong>Lycaei.</strong></span> 
     </span>
     <span class='ocr_line' id='line_1_30' title="bbox 83 2663 854 2737; baseline -0.003 -13"><span class='ocrx_word' id='word_1_177' title='bbox 83 2663 176 2724; x_wconf 87' lang='lat' dir='ltr'><strong>rasilis</strong></span> <span class='ocrx_word' id='word_1_178' title='bbox 196 2663 266 2725; x_wconf 92' lang='lat' dir='ltr'><strong>huic</strong></span> <span class='ocrx_word' id='word_1_179' title='bbox 287 2682 430 2726; x_wconf 86' lang='lat' dir='ltr'><strong>summam</strong></span> <span class='ocrx_word' id='word_1_180' title='bbox 452 2664 604 2728; x_wconf 86' lang='lat' dir='ltr'><strong>mordebat</strong></span> <span class='ocrx_word' id='word_1_181' title='bbox 625 2664 713 2727; x_wconf 83' lang='lat' dir='ltr'><strong>dhula</strong></span> <span class='ocrx_word' id='word_1_182' title='bbox 735 2673 854 2737; x_wconf 89' lang='lat' dir='ltr'><strong>restem,</strong></span> 
     </span>
    </p>
   </div>
   <div class='ocr_carea' id='block_1_3' title="bbox 149 2811 1144 2944">
    <p class='ocr_par' dir='ltr' id='par_1_8' title="bbox 149 2811 1144 2944">
     <span class='ocr_line' id='line_1_31' title="bbox 149 2811 1144 2944; baseline -0.004 -12"><span class='ocrx_word' id='word_1_183' title='bbox 149 2811 309 2932; x_wconf 52' lang='grc' dir='ltr'>138108111ἓί</span> <span class='ocrx_word' id='word_1_184' title='bbox 328 2878 351 2930; x_wconf 87' lang='lat' dir='ltr'><strong>hl</strong></span> <span class='ocrx_word' id='word_1_185' title='bbox 421 2895 477 2932; x_wconf 86' lang='lat' dir='ltr'><strong>sese</strong></span> <span class='ocrx_word' id='word_1_186' title='bbox 495 2879 520 2931; x_wconf 91' lang='lat' dir='ltr'><strong>in</strong></span> <span class='ocrx_word' id='word_1_187' title='bbox 542 2876 558 2931; x_wconf 77' lang='lat' dir='ltr'><strong>l</strong></span> <span class='ocrx_word' id='word_1_188' title='bbox 643 2882 693 2933; x_wconf 79' lang='grc'>293</span> <span class='ocrx_word' id='word_1_189' title='bbox 710 2878 853 2944; x_wconf 85' lang='lat' dir='ltr'><strong>Meleagros</strong></span> <span class='ocrx_word' id='word_1_190' title='bbox 876 2880 902 2944; x_wconf 85' lang='lat' dir='ltr'><strong>(o</strong></span> <span class='ocrx_word' id='word_1_191' title='bbox 926 2894 961 2929; x_wconf 69' lang='lat' dir='ltr'><strong>ere</strong></span> <span class='ocrx_word' id='word_1_192' title='bbox 984 2894 999 2930; x_wconf 93' lang='lat' dir='ltr'><strong>u</strong></span> <span class='ocrx_word' id='word_1_193' title='bbox 1023 2875 1144 2942; x_wconf 71' lang='lat' dir='ltr'><strong>corr-All</strong></span> 
     </span>
    </p>
   </div>
   <div class='ocr_carea' id='block_1_4' title="bbox 82 2960 1146 3098">
    <p class='ocr_par' dir='ltr' id='par_1_9' title="bbox 82 2960 1146 3098">
     <span class='ocr_line' id='line_1_32' title="bbox 535 2960 1146 3030; baseline -0.003 -15"><span class='ocrx_word' id='word_1_194' title='bbox 535 2962 641 3016; x_wconf 90' lang='lat' dir='ltr'><strong>lcoiere</strong></span> <span class='ocrx_word' id='word_1_195' title='bbox 787 2961 985 3030; x_wconf 83' lang='lat' dir='ltr'><strong>lpraestantes²</strong></span> <span class='ocrx_word' id='word_1_196' title='bbox 1052 2960 1146 3030; x_wconf 89' lang='lat' dir='ltr'><strong>lprae·</strong></span> 
     </span>
     <span class='ocr_line' id='line_1_33' title="bbox 82 3026 1146 3098; baseline -0.005 -14"><span class='ocrx_word' id='word_1_197' title='bbox 82 3031 237 3098; x_wconf 80' lang='lat' dir='ltr'><strong>Meleagera</strong></span> <span class='ocrx_word' id='word_1_198' title='bbox 289 3034 338 3085; x_wconf 92' lang='grc'>300</span> <span class='ocrx_word' id='word_1_199' title='bbox 356 3028 490 3084; x_wconf 74' lang='lat' dir='ltr'><strong>caluerei</strong></span> <span class='ocrx_word' id='word_1_200' title='bbox 540 3031 671 3084; x_wconf 82' lang='lat' dir='ltr'><strong>calueree</strong></span> <span class='ocrx_word' id='word_1_201' title='bbox 723 3034 770 3085; x_wconf 91' lang='grc'><strong>301</strong></span> <span class='ocrx_word' id='word_1_202' title='bbox 824 3026 1022 3097; x_wconf 82' lang='lat' dir='ltr'><strong>spectanteehl</strong></span> <span class='ocrx_word' id='word_1_203' title='bbox 1073 3044 1146 3097; x_wconf 84' lang='lat' dir='ltr'><strong>spec·</strong></span> 
     </span>
    </p>
   </div>
   <div class='ocr_carea' id='block_1_5' title="bbox 81 3123 1145 3250">
    <p class='ocr_par' dir='ltr' id='par_1_10' title="bbox 81 3123 1145 3250">
     <span class='ocr_line' id='line_1_34' title="bbox 81 3123 1145 3250; baseline -0.001 -16"><span class='ocrx_word' id='word_1_204' title='bbox 81 3123 197 3236; x_wconf 51' lang='lat' dir='ltr'><strong>malles·</strong></span> <span class='ocrx_word' id='word_1_205' title='bbox 247 3185 297 3237; x_wconf 90' lang='grc'><strong>303</strong></span> <span class='ocrx_word' id='word_1_206' title='bbox 310 3181 463 3250; x_wconf 81' lang='lat' dir='ltr'><strong>perithoohl</strong></span> <span class='ocrx_word' id='word_1_207' title='bbox 516 3185 565 3235; x_wconf 84' lang='grc'><strong>301</strong></span> <span class='ocrx_word' id='word_1_208' title='bbox 583 3179 733 3248; x_wconf 83' lang='lat' dir='ltr'><strong>aphireialll</strong></span> <span class='ocrx_word' id='word_1_209' title='bbox 785 3177 959 3249; x_wconf 73' lang='lat' dir='ltr'><strong>amphiretai</strong></span> <span class='ocrx_word' id='word_1_210' title='bbox 1009 3180 1145 3248; x_wconf 86' lang='lat' dir='ltr'><strong>prolesque</strong></span> 
     </span>
    </p>
   </div>
   <div class='ocr_carea' id='block_1_6' title="bbox 967 3261 1145 3331">
    <p class='ocr_par' dir='ltr' id='par_1_11' title="bbox 967 3261 1145 3331">
     <span class='ocr_line' id='line_1_35' title="bbox 967 3261 1145 3331; baseline 0.006 -17"><span class='ocrx_word' id='word_1_211' title='bbox 967 3261 1145 3331; x_wconf 75' lang='lat' dir='ltr'><strong>Plesippusqr⁸</strong></span> 
     </span>
    </p>
   </div>
   <div class='ocr_carea' id='block_1_7' title="bbox 80 3333 1145 3706">
    <p class='ocr_par' dir='ltr' id='par_1_12' title="bbox 80 3333 1145 3706">
     <span class='ocr_line' id='line_1_36' title="bbox 81 3333 1145 3433; baseline -0.004 -13"><span class='ocrx_word' id='word_1_212' title='bbox 81 3369 155 3420; x_wconf 84' lang='lat' dir='ltr'><strong>codd.</strong></span> <span class='ocrx_word' id='word_1_213' title='bbox 173 3373 204 3419; x_wconf 84' lang='lat' dir='ltr'><strong>ut</strong></span> <span class='ocrx_word' id='word_1_214' title='bbox 220 3368 326 3418; x_wconf 80' lang='lat' dir='ltr'><strong>uidetur·</strong></span> <span class='ocrx_word' id='word_1_215' title='bbox 343 3383 432 3418; x_wconf 78' lang='lat' dir='ltr'><strong>omncs</strong></span> <span class='ocrx_word' id='word_1_216' title='bbox 444 3369 592 3433; x_wconf 79' lang='lat' dir='ltr'><strong>praeter-A</strong></span> <span class='ocrx_word' id='word_1_217' title='bbox 645 3366 801 3420; x_wconf 71' lang='grc'>30030511</span> <span class='ocrx_word' id='word_1_218' title='bbox 853 3370 903 3419; x_wconf 84' lang='grc'>300</span> <span class='ocrx_word' id='word_1_219' title='bbox 921 3333 1009 3429; x_wconf 50' lang='lat' dir='ltr'><strong>Paeo</strong></span> <span class='ocrx_word' id='word_1_220' title='bbox 1022 3363 1145 3429; x_wconf 82' lang='lat' dir='ltr'><strong>a‘.r.)lesi·</strong></span> 
     </span>
     <span class='ocr_line' id='line_1_37' title="bbox 81 3432 1145 3504; baseline -0.004 -17"><span class='ocrx_word' id='word_1_221' title='bbox 81 3452 153 3503; x_wconf 90' lang='lat' dir='ltr'><strong>pusq:</strong></span> <span class='ocrx_word' id='word_1_222' title='bbox 172 3435 196 3486; x_wconf 85' lang='lat' dir='ltr'><strong>hl</strong></span> <span class='ocrx_word' id='word_1_223' title='bbox 260 3434 445 3504; x_wconf 83' lang='lat' dir='ltr'><strong>plexippusque</strong></span> <span class='ocrx_word' id='word_1_224' title='bbox 463 3454 492 3500; x_wconf 76' lang='lat' dir='ltr'><strong>r,</strong></span> <span class='ocrx_word' id='word_1_225' title='bbox 512 3451 582 3486; x_wconf 84' lang='lat' dir='ltr'><strong>corr.</strong></span> <span class='ocrx_word' id='word_1_226' title='bbox 600 3435 758 3487; x_wconf 70' lang='lat' dir='ltr'><strong>admirere</strong></span> <span class='ocrx_word' id='word_1_227' title='bbox 826 3438 873 3487; x_wconf 80' lang='lat' dir='ltr'><strong>tot</strong></span> <span class='ocrx_word' id='word_1_228' title='bbox 893 3434 1011 3502; x_wconf 88' lang='lat' dir='ltr'><strong>driasque</strong></span> <span class='ocrx_word' id='word_1_229' title='bbox 1028 3450 1063 3485; x_wconf 75' lang='lat' dir='ltr'><strong>erc</strong></span> <span class='ocrx_word' id='word_1_230' title='bbox 1079 3432 1145 3484; x_wconf 87' lang='lat' dir='ltr'><strong>dria·</strong></span> 
     </span>
     <span class='ocr_line' id='line_1_38' title="bbox 80 3498 1143 3570; baseline -0.003 -14"><span class='ocrx_word' id='word_1_231' title='bbox 80 3501 217 3570; x_wconf 85' lang='lat' dir='ltr'><strong>desquehl</strong></span> <span class='ocrx_word' id='word_1_232' title='bbox 269 3505 319 3555; x_wconf 81' lang='grc'>308</span> <span class='ocrx_word' id='word_1_233' title='bbox 337 3501 476 3570; x_wconf 73' lang='lat' dir='ltr'><strong>parejllshl</strong></span> <span class='ocrx_word' id='word_1_234' title='bbox 494 3502 574 3564; x_wconf 73' lang='lat' dir='ltr'><strong>(suit.-</strong></span> <span class='ocrx_word' id='word_1_235' title='bbox 591 3508 693 3569; x_wconf 87' lang='lat' dir='ltr'><strong>parens)</strong></span> <span class='ocrx_word' id='word_1_236' title='bbox 744 3498 869 3569; x_wconf 72' lang='lat' dir='ltr'><strong>parenni</strong></span> <span class='ocrx_word' id='word_1_237' title='bbox 919 3500 1043 3570; x_wconf 85' lang='lat' dir='ltr'><strong>pileusll</strong></span> <span class='ocrx_word' id='word_1_238' title='bbox 1093 3502 1143 3554; x_wconf 91' lang='grc'><strong>310</strong></span> 
     </span>
     <span class='ocr_line' id='line_1_39' title="bbox 80 3565 1143 3639; baseline -0.005 -16"><span class='ocrx_word' id='word_1_239' title='bbox 80 3569 234 3623; x_wconf 86' lang='lat' dir='ltr'><strong>hianteiohl</strong></span> <span class='ocrx_word' id='word_1_240' title='bbox 304 3573 351 3624; x_wconf 90' lang='grc'><strong>311</strong></span> <span class='ocrx_word' id='word_1_241' title='bbox 377 3585 503 3639; x_wconf 86' lang='lat' dir='ltr'><strong>cursuque</strong></span> <span class='ocrx_word' id='word_1_242' title='bbox 524 3576 585 3636; x_wconf 82' lang='lat' dir='ltr'><strong>(oar.</strong></span> <span class='ocrx_word' id='word_1_243' title='bbox 603 3576 639 3630; x_wconf 88' lang='lat' dir='ltr'><strong>et)</strong></span> <span class='ocrx_word' id='word_1_244' title='bbox 663 3568 679 3621; x_wconf 83' lang='lat' dir='ltr'><strong>t</strong></span> <span class='ocrx_word' id='word_1_245' title='bbox 740 3573 790 3623; x_wconf 80' lang='grc'><strong>313</strong></span> <span class='ocrx_word' id='word_1_246' title='bbox 814 3585 945 3637; x_wconf 84' lang='lat' dir='ltr'><strong>panopeus</strong></span> <span class='ocrx_word' id='word_1_247' title='bbox 967 3574 1028 3636; x_wconf 76' lang='lat' dir='ltr'><strong>(aar.</strong></span> <span class='ocrx_word' id='word_1_248' title='bbox 1044 3565 1143 3636; x_wconf 87' lang='lat' dir='ltr'><strong>qne)ll</strong></span> 
     </span>
     <span class='ocr_line' id='line_1_40' title="bbox 80 3634 1143 3706; baseline -0.007 -14"><span class='ocrx_word' id='word_1_249' title='bbox 80 3642 129 3692; x_wconf 90' lang='grc'>313</span> <span class='ocrx_word' id='word_1_250' title='bbox 147 3639 223 3691; x_wconf 89' lang='lat' dir='ltr'><strong>etiarn</strong></span> <span class='ocrx_word' id='word_1_251' title='bbox 242 3635 342 3690; x_wconf 75' lang='lat' dir='ltr'><strong>aunei</strong></span> <span class='ocrx_word' id='word_1_252' title='bbox 392 3641 441 3692; x_wconf 80' lang='grc'><strong>313</strong></span> <span class='ocrx_word' id='word_1_253' title='bbox 460 3637 624 3706; x_wconf 84' lang='lat' dir='ltr'><strong>pharrasioA</strong></span> <span class='ocrx_word' id='word_1_254' title='bbox 670 3636 777 3692; x_wconf 86' lang='lat' dir='ltr'><strong>aneoli</strong></span> <span class='ocrx_word' id='word_1_255' title='bbox 824 3634 967 3691; x_wconf 77' lang='lat' dir='ltr'><strong>anoaceol</strong></span> <span class='ocrx_word' id='word_1_256' title='bbox 1014 3635 1143 3689; x_wconf 84' lang='lat' dir='ltr'><strong>anacleoe</strong></span> 
     </span>
    </p>
   </div>
   <div class='ocr_carea' id='block_1_8' title="bbox 79 3740 1143 3926">
    <p class='ocr_par' dir='ltr' id='par_1_13' title="bbox 79 3740 1143 3926">
     <span class='ocr_line' id='line_1_41' title="bbox 80 3740 1143 3858; baseline -0.005 -15"><span class='ocrx_word' id='word_1_257' title='bbox 80 3794 128 3845; x_wconf 79' lang='grc' dir='ltr'><strong>31ῖ</strong></span> <span class='ocrx_word' id='word_1_258' title='bbox 141 3740 246 3858; x_wconf 55' lang='lat' dir='ltr'><strong>delcugsea</strong></span> <span class='ocrx_word' id='word_1_259' title='bbox 259 3790 283 3843; x_wconf 81' lang='lat' dir='ltr'><strong>hl</strong></span> <span class='ocrx_word' id='word_1_260' title='bbox 335 3793 397 3844; x_wconf 76' lang='lat' dir='ltr'><strong>Post</strong></span> <span class='ocrx_word' id='word_1_261' title='bbox 408 3795 485 3845; x_wconf 79' lang='grc' dir='ltr'>υ.311</span> <span class='ocrx_word' id='word_1_262' title='bbox 497 3793 562 3843; x_wconf 80' lang='lat' dir='ltr'><strong>haec</strong></span> <span class='ocrx_word' id='word_1_263' title='bbox 570 3793 649 3843; x_wconf 80' lang='lat' dir='ltr'><strong>thot</strong></span> <span class='ocrx_word' id='word_1_264' title='bbox 657 3790 696 3844; x_wconf 83' lang='lat' dir='ltr'><strong>ll:</strong></span> <span class='ocrx_word' id='word_1_265' title='bbox 706 3790 777 3844; x_wconf 90' lang='lat' dir='ltr'><strong>uenit</strong></span> <span class='ocrx_word' id='word_1_266' title='bbox 785 3791 921 3844; x_wconf 85' lang='lat' dir='ltr'><strong>athalantis</strong></span> <span class='ocrx_word' id='word_1_267' title='bbox 930 3790 1018 3842; x_wconf 86' lang='lat' dir='ltr'><strong>eoenei</strong></span> <span class='ocrx_word' id='word_1_268' title='bbox 1028 3787 1143 3857; x_wconf 87' lang='lat' dir='ltr'><strong>pulcher·</strong></span> 
     </span>
     <span class='ocr_line' id='line_1_42' title="bbox 79 3859 1143 3926; baseline -0.005 -16"><span class='ocrx_word' id='word_1_269' title='bbox 79 3860 139 3911; x_wconf 88' lang='lat' dir='ltr'><strong>rima</strong></span> <span class='ocrx_word' id='word_1_270' title='bbox 152 3861 233 3926; x_wconf 85' lang='lat' dir='ltr'><strong>rirgo,</strong></span> <span class='ocrx_word' id='word_1_271' title='bbox 245 3875 324 3925; x_wconf 86' lang='lat' dir='ltr'><strong>quom</strong></span> <span class='ocrx_word' id='word_1_272' title='bbox 336 3861 457 3912; x_wconf 79' lang='lat' dir='ltr'><strong>notulam</strong></span> <span class='ocrx_word' id='word_1_273' title='bbox 469 3877 522 3912; x_wconf 81' lang='lat' dir='ltr'><strong>osee</strong></span> <span class='ocrx_word' id='word_1_274' title='bbox 533 3862 652 3912; x_wconf 65' lang='lat' dir='ltr'><strong>mantas</strong></span> <span class='ocrx_word' id='word_1_275' title='bbox 662 3860 830 3925; x_wconf 72' lang='lat' dir='ltr'><strong>scholiastae,</strong></span> <span class='ocrx_word' id='word_1_276' title='bbox 846 3876 900 3912; x_wconf 80' lang='lat' dir='ltr'><strong>uon</strong></span> <span class='ocrx_word' id='word_1_277' title='bbox 910 3873 1011 3911; x_wconf 77' lang='lat' dir='ltr'><strong>aereum</strong></span> <span class='ocrx_word' id='word_1_278' title='bbox 1022 3859 1143 3923; x_wconf 77' lang='lat' dir='ltr'><strong>apparet.</strong></span> 
     </span>
    </p>
   </div>
   <div class='ocr_carea' id='block_1_9' title="bbox 0 0 1350 4230">
    <p class='ocr_par' dir='ltr' id='par_1_14' title="bbox 0 0 1350 4230">
     <span class='ocr_line' id='line_1_43' title="bbox 0 0 1350 4230; baseline 0 2"><span class='ocrx_word' id='word_1_279' title='bbox 0 0 1350 4230; x_wconf 95' lang='lat' dir='ltr'><strong> </strong></span> 
     </span>
    </p>
   </div>
  </div>
 </body>
</html>
