2692 4230
129 163 240 202 castrus
558 147 609 214 llll,
626 149 773 203 tta-rsa.

132 320 255 402 inguine
276 320 393 383 Nesseis
414 317 552 379 manibus
573 319 706 383 coniecta
728 318 848 400 Cymeli.

131 425 188 469 nec
208 416 241 469 tu
263 404 422 468 credideris
443 411 556 465 tantum
579 405 723 468 cecinisse
744 406 842 468 futura

130 491 312 573 Ampyciden
334 488 486 568 Mopsum:
509 487 614 572 Mopso
636 491 782 553 iaculante
804 489 938 552 biformis

130 575 270 639 accubuit
290 574 456 652 frustraque
477 573 560 656 loqui
581 576 734 656 temptavit
756 575 878 638 Hodites

131 662 168 723 ad
189 665 321 721 mentum
343 655 445 735 lingua
465 670 626 740 mentoque
647 660 684 721 ad
705 668 825 739 guttura
846 661 914 722 fluo.

218 742 357 820 Quinque
372 742 436 803 neci
452 742 585 806 Caeneus
600 743 730 815 dederat,
753 742 986 827 Styphelumque
1003 745 1202 827 Bromumque

131 826 398 906 Antimachumque
420 828 616 908 Elymumque
637 827 890 909 securiferumque
912 830 1085 910 Pyracmon.
1159 841 1203 892 455

131 913 252 975 vulnera
274 929 335 973 non
357 913 489 986 memini,
511 927 668 973 numerum
692 928 863 992 nomenque
884 917 993 976 notavi.

132 995 266 1078 provolat
286 996 412 1060 Emathii
434 996 538 1078 spoliis
558 1006 688 1057 armatus
709 995 817 1070 Halesi,

133 1098 220 1161 quem
242 1080 362 1145 dederat
382 1082 452 1155 leto,
475 1079 615 1143 membris
636 1088 666 1142 et
688 1097 815 1160 corpore
836 1079 960 1142 Latreus

132 1165 285 1227 maximus.
330 1167 399 1228 huic
419 1175 500 1228 aetas
520 1165 598 1228 inter
619 1166 815 1247 iuvenemque
836 1184 1007 1248 senemque,

131 1249 175 1311 ris
195 1250 337 1314 iuvenalis
358 1259 430 1326 erat,
451 1251 602 1313 variabant
623 1259 757 1332 tempora
779 1251 855 1313 cani.
1160 1261 1205 1314 460

133 1335 183 1416 qui
206 1336 303 1417 clipeo
325 1336 482 1417 gladioque
503 1334 734 1416 Macedoniaque
755 1335 861 1397 sarissa

132 1420 312 1501 conspicuus
333 1421 497 1500 faciemque
519 1419 661 1481 obversus
682 1418 715 1480 in
737 1437 842 1498 agmen
865 1427 1024 1502 utrumque

133 1523 271 1585 armaque
292 1505 442 1567 concussit
463 1511 636 1584 certumque
658 1502 799 1584 equitavit
819 1504 850 1564 in
872 1504 975 1566 orbem

132 1588 279 1668 verbaque
300 1597 346 1650 tot
366 1588 441 1650 fudit
462 1607 568 1659 vacuas
589 1587 742 1649 animosus
764 1589 794 1650 in
816 1606 916 1650 auras:

133 1683 184 1751 „et
205 1684 244 1746 te,
266 1672 365 1749 Caeni,
387 1671 501 1734 feram?
527 1691 595 1735 nam
617 1682 649 1736 tu
671 1673 745 1735 mihi
766 1673 874 1735 lemina
896 1692 1022 1756 semper,
1164 1686 1207 1738 465

133 1768 164 1820 10
187 1756 259 1818 mibi
282 1757 387 1820 Caenis
409 1758 477 1820 eris.
522 1767 629 1821 necte
651 1757 757 1821 natalis
779 1759 861 1838 origo

133 1843 327 1918 commonuit,
349 1852 538 1924 mentemque
559 1843 648 1919 subit,
670 1862 731 1924 quo
753 1843 882 1924 praemia
903 1843 980 1906 facto

133 1945 251 2008 quaque
271 1927 324 1989 riri
346 1928 449 1990 falsam
470 1928 600 2008 speciem
620 1928 758 1990 mercede
779 1925 914 2009 pararis?

133 2012 177 2074 uel
199 2011 269 2093 quid
293 2023 369 2088 nata,
391 2013 467 2085 ride,
488 2012 533 2073 vel
555 2012 626 2092 quid
648 2013 689 2074 sis
710 2031 807 2093 passa,
829 2012 997 2094 columque,

133 2097 153 2170 i,
175 2114 247 2177 cape
270 2115 338 2157 cum
359 2095 482 2159 calathis
502 2106 534 2158 et
555 2096 679 2158 stamina
702 2097 810 2178 pollice
831 2107 954 2178 torque:
1163 2108 1207 2160 tto

134 2180 210 2242 bella
231 2179 368 2263 relinque
389 2181 487 2242 viris.“
532 2181 651 2243 iactanti
674 2182 742 2243 talia
764 2180 897 2244 Caenem

133 2274 283 2327 extentum
307 2284 396 2328 cursu
418 2266 507 2328 missa
529 2265 605 2328 latus
626 2266 705 2328 eruit
726 2267 819 2340 hasta,

134 2368 191 2430 qua
213 2349 257 2411 vir
279 2369 356 2429 equo
379 2351 554 2414 commissus
575 2361 646 2413 erat.
689 2351 762 2412 furit
787 2350 836 2412 ille
859 2351 961 2415 dolore

135 2435 272 2516 nudaque
293 2435 406 2515 Phyllei
426 2435 541 2497 iuvenis
561 2434 629 2496 ferit
650 2452 702 2496 ora
724 2435 840 2496 sarissa.

136 2537 195 2580 non
218 2537 304 2581 secus
325 2522 398 2582 baec
418 2519 520 2592 resilit,
544 2537 631 2600 quam
655 2519 725 2581 tecti
747 2538 764 2581 a
787 2518 917 2581 culmine
938 2520 1060 2600 grando,
1164 2531 1207 2581 tra

133 2613 185 2666 aut
205 2603 299 2684 siquis
320 2623 410 2685 parvo
433 2605 517 2666 feriat
538 2623 606 2666 cava
628 2612 767 2685 tympana
789 2623 869 2666 saxo.

135 2688 301 2750 comminus
321 2689 491 2770 adgreditur
511 2688 656 2769 laterique
677 2689 840 2751 recondere
861 2689 935 2750 duro

135 2772 262 2835 luctatur
283 2773 429 2853 gladium:
452 2773 548 2855 gladio
570 2773 635 2835 loca
657 2774 757 2854 pervia
780 2791 840 2835 non
863 2782 943 2837 sunt.

136 2858 232 2934 „baud
257 2867 355 2919 tamen
378 2859 516 2939 effugiesl
538 2858 635 2920 medio
657 2859 839 2938 iugulaberis
860 2877 942 2933 ense,

137 2942 375 3023 quandoquidem
396 2962 499 3005 mucro
522 2954 566 3004 cst
588 2943 698 3005 hebes“
722 2944 819 3025 inquit
840 2952 870 3005 et
890 2945 921 3006 in
944 2943 1020 3005 latus
1042 2960 1142 3003 ensem
1167 2951 1211 3001 400

135 3027 268 3107 obliquat
289 3027 436 3108 longaque
457 3027 647 3110 amplectitur
667 3028 716 3090 ilia
738 3029 846 3090 dextra

136 3112 220 3193 plaga
243 3112 312 3173 facit
325 3114 453 3192 gemitus
474 3113 505 3174 in
528 3131 654 3193 corpore
677 3113 831 3175 marmoris
853 3111 914 3186 icti,

204 3265 254 3317 tto
267 3262 383 3315 nesseib
435 3261 540 3314 Nesseis
551 3264 620 3313 coni.
633 3263 722 3314 140100.
773 3261 889 3325 00001111
902 3260 1012 3324 ecdtbl
1058 3264 1107 3314 451
1127 3261 1211 3329 arphi-

136 3327 249 3383 0010οΜ
300 3333 350 3383 452
369 3329 490 3382 occubuit
501 3331 560 3381 cdd.
572 3335 633 3382 vett.
684 3330 930 3398 praemonuerat
981 3332 1031 3382 455
1050 3344 1172 3396 pyramsu
1185 3328 1211 3382 bl

174 3397 264 3464 regrina
316 3398 472 3466 piramumb
519 3397 693 3466 Pyraechmeu
710 3398 863 3450 concludar
914 3401 963 3450 451
995 3397 1095 3449 rorolat
1108 3398 1126 3459 (l
1140 3411 1173 3448 ee
1186 3403 1212 3460 c)

136 3414 172 3518 W
208 3463 519 3534 fbflcorporisatrenslll
571 3469 619 3519 461
636 3466 803 3534 macedoniaq
821 3465 950 3530 (itacio)
1039 3468 1089 3518 465
1108 3465 1211 3527 femina]

137 3532 284 3586 criminali
354 3536 403 3586 461
422 3533 593 3586 commouit·
660 3536 711 3587 468
728 3534 824 3601 parasti
840 3531 867 3584 bt
935 3536 986 3586 tou
1005 3533 1073 3601 quod
1090 3534 1125 3586 sis
1143 3550 1167 3585 u.
1185 3531 1211 3584 bl

138 3601 198 3720 qrrrid
216 3601 252 3653 sis
270 3618 294 3654 u.
312 3602 445 3655 addocti.
496 3605 547 3655 410
564 3601 584 3668 i]
601 3606 659 3654 tua
711 3600 1014 3669 icarpeetcalathosh
1066 3603 1116 3654 412
1135 3602 1210 3664 eruit]

167 3669 266 3722 orarit'

136 3683 232 3789 Rauriit
265 3733 291 3787 bl
342 3739 393 3789 414
411 3733 522 3804 pilleibl
574 3752 667 3793 ossae
718 3736 830 3803 salpissa
847 3734 874 3788 bl
924 3740 976 3789 415
994 3737 1060 3789 iacta
1078 3735 1212 3790 acuimbl

137 3803 303 3924 4161001.Μί
321 3820 387 3872 quos
404 3821 430 3872 p.
449 3803 584 3858 feriantbl
637 3805 745 3873 timpora
763 3822 780 3880 a¹
828 3804 1111 3869 fbdcnsem1eiusbi
1162 3806 1213 3858 462

138 3887 185 3924 ceu
220 3878 249 3925 01

138 3940 164 3992 iu
274 3957 288 3990 a
340 3940 403 3992 uth

190 4029 266 4080 ovid,
281 4029 368 4076 ueram.
1009 4021 1047 4071 bit
