2692 4230
137 127 235 164 contus
581 109 609 167 11,
627 112 770 163 530-599.

136 284 327 348 admonuisse
348 291 456 366 potest,
479 299 517 341 ne
540 299 610 343 voce
633 282 761 364 pericula
785 291 933 362 quaerant.

137 380 177 444 at,
201 382 284 451 puto,
308 388 366 430 non
391 365 469 426 uitro
494 368 726 448 necquicquam
749 368 806 429 taic
827 375 981 444 rogantem

136 473 186 516 me
209 451 316 536 petiit?
338 453 400 530 ipsa
423 449 490 510 licet
513 451 607 514 hoca
631 452 744 514 Pallade
767 470 904 532 quaeras:

137 539 270 620 quamvis
292 538 364 596 irata
386 544 440 604 est,
464 554 523 597 non
548 538 604 598 hoc
627 538 696 598 irata
721 537 847 614 negabit.

137 642 206 685 nam
229 640 276 682 me
300 620 441 680 Phocaica
464 621 561 683 clarus
584 621 688 683 tellure
710 620 862 681 Coroneus

135 713 218 784 (nota
239 705 358 784 loquor)
381 707 483 782 genuit
506 708 677 785 metamque
697 723 751 782 ego
774 705 851 782 regia
874 705 955 782 virgo

135 790 333 869 divitibusque
357 791 453 868 procis
474 795 526 870 (ne
549 810 596 852 nte
617 793 784 865 contemne)
808 789 936 869 petebar.

135 877 230 936 torma
252 875 323 934 mihi
347 877 458 936 nocuit.
503 895 569 937 nam
592 892 659 935 curn
683 893 737 953 per
757 873 842 936 litora
865 875 955 936 lentis

134 959 282 1041 passibus,
305 969 337 1020 ut
360 960 451 1034 soleo,
473 978 587 1022 summa
610 959 751 1040 spatiarer
772 961 889 1033 harena,

134 1044 207 1105 vidit
229 1055 259 1104 et
281 1044 402 1105 incaluit
425 1045 521 1125 pelagi
544 1046 632 1117 deus;
656 1054 749 1123 ntqne
772 1045 917 1123 precando

133 1139 268 1210 tempora
290 1149 359 1192 cnm
380 1129 494 1191 blandis
516 1129 679 1209 absumpsit
700 1129 797 1189 inania
819 1130 924 1199 verbis,

133 1214 193 1274 vim
217 1226 299 1296 parat
321 1226 351 1277 et
372 1215 515 1294 seqnitur.
560 1215 639 1294 fugio
662 1215 846 1294 densumque
868 1213 1004 1294 relinquo

133 1299 205 1362 litus
227 1312 255 1362 et
277 1301 308 1362 in
331 1299 412 1360 molli
436 1300 614 1380 nequiquam
637 1300 730 1361 lassor
752 1301 868 1360 harena.

133 1385 205 1447 inde
226 1387 299 1446 deos
321 1385 515 1464 hominesque
537 1403 627 1458 voco;
652 1403 706 1445 nec
728 1385 848 1462 contigit
871 1384 965 1446 nilum

133 1489 190 1531 vox
213 1488 277 1531 mea
299 1469 471 1530 mortalem:
495 1481 573 1531 mota
596 1480 640 1529 est
662 1488 715 1548 pro
738 1470 849 1548 virgine
871 1470 953 1548 virgo

132 1555 336 1634 auxiliumque
358 1554 434 1616 tulit.
477 1554 632 1616 tendebam
655 1554 789 1614 bracchia
812 1555 908 1615 caelo:

134 1639 272 1701 bracchia
294 1651 459 1720 coeperunt
479 1639 592 1700 levibus
615 1638 780 1717 nigrescere
802 1640 916 1718 pennis.

132 1724 246 1786 reicere
268 1743 303 1786 ex
326 1725 435 1785 umeris
458 1737 567 1785 vestem
589 1723 729 1784 molibar:
752 1733 781 1784 at
802 1722 850 1784 ilia

133 1808 234 1891 pluma
257 1820 319 1871 erat
342 1811 431 1888 inque
454 1818 552 1870 cutem
573 1809 686 1870 radices
708 1819 806 1888 egerat
827 1809 909 1869 imas.

132 1892 274 1974 plangere
298 1895 376 1956 nuda
397 1895 471 1955 meis
492 1895 621 1955 conabar
642 1904 760 1974 pectora
782 1894 901 1974 palmis:

131 1980 183 2040 sed
208 1998 305 2060 neque
328 1980 384 2042 iam
407 1980 528 2060 palmas,
553 1999 608 2040 nec
630 1990 747 2060 pectora
771 1980 848 2040 nuda
870 1978 1019 2058 gerebam.

132 2065 307 2126 currebam:
331 2085 396 2138 nec,
419 2075 552 2137 utente,
575 2066 664 2145 pedes
686 2064 830 2126 retinebat
852 2066 970 2135 harena,

132 2150 183 2211 sed
206 2168 321 2211 summa
344 2149 467 2211 tollebar
489 2151 589 2211 humo.
633 2167 701 2210 mox
723 2158 784 2210 ncta
808 2169 861 2229 per
881 2168 968 2210 auras

133 2235 243 2296 evehor
263 2244 291 2296 et
315 2236 378 2295 data
400 2253 466 2295 sum
490 2252 589 2295 comes
611 2235 759 2315 inculpata
782 2235 937 2296 Minervae.

132 2319 204 2399 quid
226 2329 324 2381 tamen
348 2321 404 2380 hoc
426 2320 556 2400 prodest,
579 2319 602 2380 si
625 2320 688 2380 diro
713 2320 786 2381 iacta
808 2319 935 2380 uolucris

131 2404 257 2466 crimine
278 2404 449 2485 Nyctimene
472 2416 574 2466 nostro
596 2405 738 2466 successit
759 2402 889 2465 honori?

131 2509 169 2550 an
193 2509 268 2570 qnae
293 2509 345 2571 per
367 2499 459 2550 totam
482 2510 530 2551 res
552 2499 596 2550 est
618 2489 767 2550 notissima
790 2488 917 2558 Lesbon,

132 2592 195 2636 non
218 2576 315 2636 audita
338 2575 389 2637 tibi
412 2583 467 2647 est,
491 2575 617 2656 patrium
642 2585 797 2635 temerasse
819 2574 916 2635 cubile

131 2657 349 2740 Nyctimenen?
370 2661 431 2721 avis
452 2660 501 2721 iila
525 2660 654 2739 quidem,
678 2659 726 2719 sed
750 2659 867 2720 conscia
891 2659 995 2739 culpae

131 2755 326 2826 conspectum
349 2746 503 2825 lucemque
525 2744 601 2822 sugit
624 2745 811 2824 tenebrisque
834 2745 977 2824 pudorem

132 2829 206 2892 celat
229 2841 258 2892 et
280 2851 297 2893 a
319 2831 434 2892 cunctis
456 2831 613 2911 expellitur
634 2831 752 2891 aethere
774 2824 855 2889 toto?

131 2915 198 2976 talia
222 2916 331 2977 dicenti
351 2907 424 2976 ‘tibi'
449 2916 490 2975 ait
509 2907 714 2976 ‘revocamine'
739 2932 844 2975 corvus

127 2993 203 3061 ‘sint
224 3020 330 3081 precor
353 3002 405 3061 ista
428 3001 521 3061 malo:
548 3019 602 3060 nos
624 3019 729 3061 vanum
752 3001 921 3080 spernimus
943 2991 1050 3060 omen?

132 3103 187 3145 nec
209 3097 347 3165 coeptum
371 3087 490 3147 dimittit
512 3087 577 3158 iter,
599 3087 777 3164 dominoque
801 3087 944 3147 iacentem

130 3188 199 3230 cum
223 3171 328 3231 invene
352 3171 514 3232 Haemonio
537 3171 643 3231 vidisse
665 3170 810 3232 Coronida
835 3181 943 3231 narrat.

651 3303 770 3369 ppettit·

201 3374 251 3423 566
270 3372 336 3422 ultra
355 3373 378 3431 (a
397 3374 474 3433 eaeo)
494 3369 519 3419 Μ
583 3374 630 3422 aot
652 3371 715 3438 petit
729 3400 735 3410 ·
751 3372 806 3438 ipse
824 3372 883 3422 licet
897 3385 958 3422 nen
974 3371 1022 3422 boc
1039 3368 1065 3420 M
1115 3369 1207 3435 petiit·

131 3438 189 3490 lieet
210 3440 258 3491 hoc
277 3454 308 3490 ex
326 3439 380 3505 ipsa
400 3437 428 3491 Ρ.
446 3457 459 3488 e
511 3438 659 3504 petit-ipsa
678 3440 737 3490 licet
750 3439 814 3504 'iiiiii
826 3441 874 3490 boc
892 3440 924 3490 ab
939 3440 965 3490 P.
985 3437 999 3489 λ
1056 3440 1105 3490 568
1121 3438 1211 3503 nobili

609 3519 689 3576 ‘osum
710 3525 761 3575 sit²

130 3590 156 3643 Μ
202 3593 504 3658 bibineramqnoqnee
556 3542 783 3659 bihassunipsiti
829 3595 878 3644 583
892 3601 979 3659 egerat
992 3595 1080 3644 Hmns.
1118 3591 1209 3644 fixerat

130 3658 152 3710 Α
196 3660 256 3723 (sed
273 3661 284 3711 s
300 3666 358 3711 οἰκ
380 3664 408 3710 in
426 3660 450 3711 bt
470 3666 488 3710 i.
507 3678 538 3724 r.,
557 3664 587 3709 nt
604 3667 688 3725 egerat
706 3660 789 3720 suine
806 3662 931 3711 videatur
948 3666 1092 3728 scriptum)
1158 3662 1208 3712 584

132 3728 280 3795 ungerent
334 3732 380 3780 587
400 3732 467 3792 aeta]
486 3725 572 3780 attat
632 3732 681 3782 599
701 3730 790 3782 honori
808 3730 864 3790 (tori
883 3733 901 3781 ι’.
920 3735 953 3786 r.)
971 3730 996 3781 Μ
1052 3733 1100 3783 591
1124 3736 1208 3781 totum

129 3882 143 3914 ε
194 3864 296 3917 Lesbon
313 3863 338 3915 Μ
408 3869 458 3918 594
477 3874 641 3936 conspectum
659 3864 685 3917 Μ
755 3869 803 3920 599
822 3807 937 3920 tunitii}
950 3865 980 3918 Μ
