2692 4230
100 137 161 199 134
553 142 705 196 lilli'l'hlilltl.
853 158 953 198 encore
969 158 1003 197 nr
1020 159 1165 201 emicuere

98 313 192 376 attulit
214 323 244 376 et
264 317 360 398 parvis
380 302 498 378 adddxit
520 310 593 372 oolla
615 309 729 373 lacertis
1119 328 1165 379 cm

97 399 244 480 mixtaque
265 400 413 463 blanditiis
434 394 597 478 puerilibus
618 394 717 457 osenla
739 396 842 475 iunxit,

97 493 175 546 mota
197 485 315 565 quidem
335 494 381 546 est
401 478 534 561 genetrix
557 478 739 560 infractaque
761 485 893 547 constitit
914 485 957 548 ira

97 569 238 651 invitique
259 569 336 632 oculi
358 563 485 628 lacrimis
506 566 644 628 maduere
665 563 788 626 coactis:

96 654 147 716 sed
170 654 256 716 simul
278 671 313 716 ex
334 649 423 713 nimia
445 657 574 712 mentem
595 649 702 733 pietate
722 647 821 711 labare

96 739 198 813 sensit,
219 737 256 798 ab
277 740 334 800 hoc
355 734 464 796 iterum
486 737 585 797 estad
607 735 704 798 vultus
725 751 807 795 versa
828 738 939 800 sororis

95 823 186 905 inque
206 821 298 883 ricem
320 828 457 900 spectans
476 819 579 884 amhos
596 811 664 883 ‘our
684 811 824 881 admovet'
849 819 947 901 inquit

91 900 178 969 ‘alter
198 905 362 977 blanditias,
383 912 466 985 rapta
487 904 553 967 silet
573 905 663 968 altera
684 900 807 983 linguai

96 1009 183 1072 quam
205 997 288 1050 vocat
308 988 358 1050 hic
379 998 511 1063 matrem,
532 1009 586 1053 cur
607 1010 667 1053 non
690 1000 773 1051 vocat
793 987 843 1049 illa
865 989 1023 1053 sororem?

97 1076 145 1137 oui
166 1074 207 1134 sis
229 1080 331 1153 nupta,
352 1072 428 1148 ride,
449 1072 600 1138 Pandione
622 1084 697 1151 nata,
719 1071 835 1136 marito.

93 1160 268 1237 degeneras:
296 1157 393 1220 scelus
415 1167 459 1221 est
479 1160 573 1243 pietas
593 1161 624 1223 in
647 1160 773 1241 coniuge
792 1149 906 1220 Tereo.³

95 1260 151 1304 nec
171 1259 262 1317 mora,
284 1243 372 1306 traxit
391 1243 467 1326 Ityn,
487 1245 576 1308 veluti
599 1245 755 1326 Gangetica
777 1261 879 1307 cervae

94 1326 249 1389 lactentem
270 1327 362 1391 letum
383 1348 438 1411 per
458 1328 543 1392 silvas
570 1330 653 1411 tigris
673 1349 788 1412 opacas.

95 1420 187 1492 utque
208 1411 312 1475 domus
333 1414 407 1476 altae
428 1423 541 1496 partem
562 1423 683 1477 tenuere
704 1424 854 1488 remotam,

95 1496 322 1579 tendentemque
342 1517 447 1561 manus
469 1508 498 1561 et
518 1500 575 1561 iam
597 1518 649 1560 sua
670 1499 727 1559 iata
748 1499 893 1560 videntem

93 1591 122 1643 et
139 1574 253 1658 ‘maten
275 1577 383 1644 mater'
407 1583 581 1644 clamantem
602 1591 631 1643 et
653 1582 726 1642 colla
748 1591 899 1662 petentem

94 1684 165 1728 ense
186 1667 253 1728 ierit
273 1666 399 1745 Progne,
421 1665 504 1727 latori
526 1684 583 1746 qua
605 1675 708 1746 pectus
729 1666 875 1743 adhaeret,

93 1770 149 1813 nec
169 1751 281 1811 ruitum
302 1751 398 1811 vertit.
420 1751 490 1812 satis
510 1749 553 1812 illi
575 1751 610 1812 ad
632 1751 690 1811 iata
713 1750 756 1812 rel
778 1769 872 1812 uuum

91 1834 199 1897 vulnus
220 1843 295 1896 erat:
318 1834 454 1915 iugulum
476 1836 553 1897 ierro
575 1834 733 1896 Philomela
756 1835 884 1897 resolvit.

91 1920 212 1999 vivaque
233 1919 328 1981 adhuc
351 1920 524 2001 animaeque
544 1918 652 2000 aliquid
674 1921 828 1981 retinentia
850 1918 981 1981 membra

91 2003 239 2066 dilaniant.
283 2023 351 2085 pars
372 2004 441 2066 inde
463 2004 540 2066 caris
562 2005 684 2066 exsultat
705 2005 796 2079 aenis,

91 2107 159 2170 pars
179 2088 295 2151 veribus
316 2090 460 2151 stridunts
482 2099 603 2150 manant
623 2089 783 2170 penetralia
804 2088 883 2150 taho.

91 2174 138 2234 his
159 2173 276 2235 adhibet
297 2175 427 2236 coniunx
449 2175 583 2254 ignarum
605 2175 695 2236 'Perea
717 2174 827 2235 mensis

91 2270 121 2319 et
141 2259 226 2340 patrii
247 2259 336 2320 moris
359 2277 475 2321 sacrum
497 2259 628 2332 mentita,
649 2260 727 2339 quod
749 2259 801 2319 uni

90 2343 136 2404 ias
157 2343 196 2404 sit
215 2342 295 2405 adire
316 2343 390 2418 riro,
412 2344 534 2405 comites
556 2343 737 2424 famulosque
759 2343 890 2404 removit.

92 2426 156 2508 ipse
178 2429 282 2489 sedens
304 2429 378 2489 solio
400 2428 511 2490 Tereus
533 2429 666 2490 sublimis
687 2431 761 2490 avito

92 2512 218 2574 vescitur
239 2513 329 2593 inque
351 2532 434 2575 suam
455 2533 508 2575 sua
529 2513 638 2575 uiscera
660 2513 793 2593 congerit
814 2512 922 2574 alvum.

92 2605 229 2677 tantaque
251 2617 310 2677 nox
331 2599 421 2660 anirni
444 2609 497 2672 est,
515 2592 593 2677 ‘ltyn
616 2599 674 2660 huo
696 2592 846 2660 accersite'
874 2595 956 2659 dixit.

92 2681 274 2743 dissimulare
296 2683 398 2764 nequit
419 2683 549 2745 crudelia
570 2683 674 2763 gaudia
695 2683 821 2763 Progne,

92 2766 209 2847 iamque
230 2786 299 2828 suae
321 2767 444 2848 cupiens
467 2767 591 2829 existere
612 2769 715 2830 nuntia
736 2768 837 2841 cladis,

89 2843 182 2913 ‘intus
203 2852 302 2927 hahes,
324 2872 412 2933 quern
434 2845 546 2934 poscis’
569 2853 618 2914 ait.
662 2853 860 2934 circumspicit
881 2850 931 2911 ille
1116 2857 1161 2908 655

92 2946 179 3016 atque
200 2936 250 2998 uhi
273 2938 311 2999 sit
331 2938 455 3018 quaerit.
499 2939 650 3019 quaerenti
672 2939 836 3019 iterumque
857 2933 984 3004 vocanti,

91 3021 167 3082 sicut
189 3032 250 3083 erat
271 3023 380 3103 sparsis
401 3022 497 3085 furiali
520 3025 606 3084 caede
628 3023 750 3104 capillis,

156 3170 308 3293 dldlgide
376 3239 467 3291 eximia
493 3244 599 3291 mortem
622 3240 644 3291 Α
712 3233 743 3291 ex
772 3238 847 3289 nimia
876 3240 987 3288 mentem
1014 3235 1072 3286 edd.
1096 3239 1159 3286 vett.

90 3308 197 3362 simulac
214 3308 291 3427 qimia
308 3313 418 3360 mentem
437 3311 470 3359 oi.
486 3309 597 3375 Bentley
664 3306 749 3359 labare
767 3307 794 3371 (b
806 3323 847 3425 leq
864 3307 891 3423 iq
907 3303 933 3355 Μ
1003 3306 1052 3356 631
1071 3302 1159 3371 inqtllsllq

98 3401 103 3413 ·
841 3389 879 3424 aci
893 3389 907 3424 a

91 3442 367 3497 uice-ammovetlil
419 3443 569 3496 admonete
620 3442 807 3496 63lalterahl.
825 3446 928 3509 raptas
979 3443 1028 3493 635
1047 3438 1160 3505 degener

93 3579 192 3632 asoelus
214 3581 301 3646 (gener
323 3583 341 3631 i.
358 3596 382 3630 r.
400 3595 417 3629 a
433 3594 467 3629 m.
485 3579 512 3642 3)
533 3576 560 3628 Μ
582 3579 622 3644 (in
644 3593 729 3643 marg.
747 3594 764 3628 a
780 3592 814 3627 m.
832 3576 851 3628 2
874 3576 949 3628 ueI3
971 3573 983 3627 i
1006 3574 1157 3643 degeneras)

654 3662 668 3699 θ
1035 3695 1039 3704 .

90 3715 200 3782 degener
211 3712 276 3767 hai
325 3717 374 3767 637
393 3710 559 3766 lactantemi
601 3714 768 3782 lactanteme
812 3715 863 3766 642
876 3712 907 3764 ad
919 3711 947 3778 (d
959 3712 1017 3777 ir.)
1034 3709 1061 3762 Μ
1107 3713 1158 3763 646

359 3782 387 3833 i²
472 3780 584 3835 linalto
738 3780 900 3834 lmeditata²
1047 3793 1083 3851 ,n

89 3849 211 3906 stridetc
273 3853 322 3903 656
340 3857 400 3903 auto
418 3849 443 3901 Μ
495 3851 564 3903 auito
598 3868 612 3900 e
677 3851 726 3903 646
761 3850 866 3901 mentita
914 3844 930 3898 λ
993 3848 1043 3899 652
1062 3861 1114 3898 uox
1131 3844 1159 3898 Μ

83 3915 243 3969 arcessite]
