2692 4230
134 115 176 177 96
596 67 1203 183 sternunturque

136 293 266 358 calcitrat
287 305 316 358 et
337 296 447 377 positas
469 292 618 374 adspergit
637 293 781 371 sanguine
802 315 924 360 mensas.
1172 312 1201 361 to

136 389 197 442 tum
221 400 288 443 vero
312 381 470 442 indomitas
491 376 616 438 ardescit
638 374 741 453 vulgus
762 377 792 439 iu
815 381 881 456 iras,

134 465 250 546 telaque
272 466 435 538 coniciunt,
457 470 487 523 et
507 468 587 534 suut,
610 459 659 540 qui
682 459 796 541 Cephea
818 466 920 529 dicunt

135 568 203 611 oum
225 569 334 630 genero
356 549 463 610 debere
485 544 569 605 mori.
612 543 663 606 sed
685 543 786 606 limine
808 551 876 611 tecti

135 635 245 697 exierat
266 635 413 715 Cepheus,
435 638 558 691 testatus
579 629 683 710 iusque
705 630 849 710 lldemque

134 719 316 800 hospitiique
337 718 419 789 deos,
440 733 474 775 ea
496 732 528 774 se
549 713 724 796 prohibente
746 716 863 777 moveri.

134 802 238 865 bellica
259 803 354 864 Pallas
375 800 456 860 adest
478 808 508 859 et
530 800 655 880 protegit
675 798 776 880 aegide
798 800 916 862 tratrem

134 889 241 969 datque
263 887 386 948 animos.
430 889 493 944 erat
513 882 604 947 ludus
626 885 720 958 athis,
740 902 827 965 quem
850 886 969 948 llumine
991 889 1093 968 Gange

134 971 208 1033 edita
231 971 365 1031 Limnate
386 967 485 1028 vitreis
508 969 656 1051 peperisse
677 969 731 1033 sub
754 969 841 1031 undis

134 1056 271 1129 creditur,
294 1052 429 1133 egregius
451 1052 555 1130 torma,
577 1073 663 1135 quam
686 1055 772 1118 divite
793 1054 873 1117 cultu

132 1139 267 1218 augebat,
290 1139 335 1199 bis
355 1137 452 1199 adhue
473 1140 590 1202 octonis
610 1140 725 1222 integer
744 1139 838 1213 anuis,

132 1224 253 1285 indutus
275 1222 456 1302 chlamydem
479 1223 607 1305 Tyriam,
629 1244 716 1307 quam
737 1224 845 1287 limbus
865 1224 964 1286 obibat

100 1327 104 1334 ·
132 1326 257 1383 aureus;
281 1308 425 1370 ornabant
445 1320 544 1372 aurata
565 1310 685 1372 monilia
708 1310 815 1373 collum

133 1403 162 1455 et
184 1393 314 1455 madidos
336 1412 435 1456 murra
456 1413 578 1457 curvum
600 1395 710 1457 crinale
731 1395 861 1477 capillos.

134 1477 182 1541 ille
204 1479 320 1559 quidem
343 1479 438 1540 iaculo
460 1480 593 1559 quamvis
614 1479 748 1541 distantia
770 1480 858 1541 misso

133 1563 225 1644 ligere
245 1565 351 1626 doctus
372 1572 443 1637 erat,
465 1564 516 1624 sed
539 1564 659 1624 tendere
679 1564 793 1624 doctior
813 1583 908 1625 arcus.

132 1659 194 1711 tum
217 1668 337 1730 quoque
358 1648 438 1708 lenta
460 1665 549 1708 manu
571 1649 736 1708 flectentem
759 1666 869 1708 cornua
892 1648 1015 1710 Perseus

130 1734 240 1815 stipite,
263 1734 313 1812 qui
335 1731 429 1791 media
452 1731 568 1812 positus
589 1731 717 1792 fumabat
738 1731 767 1791 in
790 1750 849 1804 ara,

132 1817 258 1900 perculit
280 1826 309 1877 et
331 1815 431 1877 tractis
452 1816 587 1876 contudit
608 1815 639 1876 iu
663 1815 778 1877 ossibus
799 1833 859 1877 ora.

131 1903 212 1965 bunc
234 1901 284 1962 ubi
306 1900 439 1961 laudatos
461 1901 616 1962 iactantem
638 1900 668 1962 in
690 1900 832 1980 sanguine
854 1901 950 1962 vultus

132 1986 268 2066 Assyrius
290 1984 360 2046 vidit
380 1984 521 2065 Lycabas,
544 1985 742 2047 iunctissimus
763 1984 804 2045 illi

131 2084 158 2133 et
180 2088 282 2133 comes
303 2079 333 2132 et
354 2070 413 2130 veri
438 2090 497 2131 non
520 2071 718 2133 dissimulator
738 2070 856 2142 amoris,

130 2165 286 2237 postquam
309 2155 492 2216 exhalantem
514 2155 569 2217 sub
590 2156 697 2218 acerbo
720 2155 838 2216 vulnere
860 2155 945 2216 vitam

131 2240 293 2323 deploravit
315 2240 414 2313 Athin,
437 2259 512 2321 quos
533 2240 583 2301 ille
604 2240 764 2301 tetenderat
785 2259 871 2302 arcus

131 2327 236 2406 arripit
257 2333 285 2386 et
303 2318 433 2386 ‘mecum
457 2325 509 2385 tibi
531 2325 591 2386 sint
612 2319 779 2388 certamiua'
803 2324 889 2386 dixit:

127 2404 197 2472 ‘uec
220 2410 340 2488 longum
364 2409 448 2489 pueri
470 2410 528 2470 lato
551 2409 704 2482 laetabere,
727 2428 785 2490 quo
808 2410 874 2490 plus

131 2495 266 2569 invidiae,
289 2513 375 2574 quam
399 2494 493 2556 laudis
515 2487 622 2556 habes?
669 2495 859 2557 haecomnia
883 2494 1015 2555 noudum

131 2581 250 2653 dixerat,
273 2579 393 2640 emicuit
414 2599 505 2641 uerro
527 2580 708 2661 penetrabile
730 2580 819 2641 telum

131 2667 309 2745 vitatumque
331 2673 427 2725 tamen
450 2665 569 2726 sinuosa
591 2673 669 2727 reste
690 2664 839 2745 pependit.

130 2749 214 2811 vertit
236 2749 268 2810 iu
291 2751 371 2810 hunc
393 2750 504 2830 harpen
527 2759 684 2830 spectatam
707 2751 795 2810 caede
817 2748 952 2812 lledusae

130 2833 346 2896 Acrisioniades
369 2833 518 2914 adigitque
538 2835 570 2895 in
593 2843 711 2916 peetus:
734 2833 834 2895 atille

130 2920 186 2981 iam
209 2918 349 2992 moriens,
372 2918 467 2980 oculis
488 2919 542 2980 sub
565 2928 653 2981 nocte
675 2918 842 2980 natantibus
863 2928 933 2994 atra,

129 3004 337 3084 circumspexit
358 3003 448 3065 Athin
471 3022 562 3085 seque
584 3003 738 3066 adclinarit
757 3004 792 3065 ad
816 3003 897 3065 illum

129 3099 157 3150 et
181 3089 246 3152 tulit
266 3088 302 3149 ad
325 3107 425 3150 manes
448 3089 565 3151 iunctae
586 3089 693 3151 solacia
714 3088 826 3149 mortis.

130 3193 199 3236 ecce
220 3171 364 3254 Syenites,
387 3174 505 3254 genitus
528 3173 666 3248 lletioue,
687 3173 816 3235 Phorbas

196 3375 229 3426 tt
246 3369 365 3425 dicanti
427 3376 460 3425 l'l
479 3373 563 3432 atheis
580 3371 606 3424 Μ
657 3368 795 3427 fulminei
844 3373 931 3439 Gange
948 3376 973 3437 (e
991 3391 1026 3426 aa
1042 3374 1104 3440 i)bl
1162 3379 1196 3430 48

128 3436 276 3493 limuiatel.
310 3440 400 3493 lenuee
417 3444 436 3492 ι’.
453 3458 477 3492 r.
495 3458 512 3492 a
528 3457 562 3493 m.
580 3438 667 3494 recl
717 3441 839 3493 Clematie
855 3446 923 3494 cont.
943 3443 1032 3509 Unger
1089 3449 1122 3498 55
1140 3461 1200 3498 arcu

127 3590 144 3646 l.
204 3522 373 3646 wthtqqqqqq
391 3591 417 3644 Μ
451 3592 584 3650 fedatosr
646 3596 678 3647 62
695 3593 825 3647 acerroll
888 3595 1103 3654 63.’12ΜΜΜ
1161 3601 1194 3652 (tt

127 3689 267 3810 mnpflitM
301 3724 441 3795 arripuit).
491 3711 524 3783 69
541 3692 698 3810 ςροσίεΜΗΜ
746 3733 778 3782 'ld
795 3677 883 3798 adlitq:
900 3730 1026 3799 impectus
1043 3731 1069 3783 Μ
1103 3734 1193 3802 adiitq·

128 3795 297 3880 inspectusB
365 3800 398 3849 rt
415 3797 493 3849 stat
545 3811 571 3848 ro
588 3797 661 3850 illum
678 3798 765 3850 unm.
834 3801 866 3851 tr
883 3799 1037 3852 suenitesA
1067 3818 1137 3855 corr.
1155 3803 1196 3854 ad.

123 3881 213 3930 prone.
