2692 4230
129 195 210 236 66666.
239 197 347 238 666666.
377 187 522 237 6666666666
558 181 620 251 lllll,
637 184 782 239 660-686.

130 354 423 428 6666616666666666,
444 353 583 435 uiresque
605 366 667 419 erat
688 357 814 420 ususin
838 353 905 418 illis.

130 440 188 502 hoc
209 439 260 503 ubi
283 439 421 519 cognorit
442 437 547 503 Troiae
569 441 728 523 populator
749 441 877 514 Atrides,

131 543 170 586 ne
191 542 251 587 uon
275 543 310 585 cx
331 522 429 603 aliqua
450 533 574 588 vestram
596 526 725 588 sensisse
745 527 907 609 procellam

130 627 188 671 nos
210 626 328 690 quoque
350 616 435 688 parte
456 620 552 691 putes,
574 628 723 673 armorum
744 611 857 674 viribus
878 629 951 673 usus

130 693 272 755 abstrahit
293 692 399 754 invitas
420 695 531 773 gremio
555 694 708 774 genitoris,
730 695 880 777 alantque,

130 777 255 859 imperat
275 776 441 856 Argolicam
464 778 581 842 caelesti
604 796 727 840 munere
750 778 883 842 classem.

131 862 276 940 effugiunt
299 880 358 942 quo
380 882 513 945 quaeque
535 871 648 944 potest:
672 862 792 924 Euboea
815 863 940 938 duabus,
1159 875 1203 926 666

130 955 160 1008 66
182 945 303 1007 totidem
326 948 403 1011 natis
424 949 541 1009 Andros
563 948 691 1008 16666666
714 946 805 1027 petita
827 955 881 1008 est

129 1029 214 1090 miles
235 1030 317 1093 adest
338 1042 377 1107 et,
400 1033 430 1094 66
453 1032 606 1105 dedantur,
628 1031 704 1093 bella
727 1031 867 1094 minatur.

129 1113 206 1175 ricta
228 1126 308 1179 metu
331 1118 425 1198 pietas
447 1117 593 1180 consortia
617 1135 742 1198 corpom
765 1135 880 1198 poenae

129 1198 248 1262 dedidit.
292 1211 323 1263 et
345 1201 447 1263 timido
470 1203 566 1284 possis
587 1203 740 1282 ignoscere
762 1202 862 1265 fratri:

129 1302 190 1346 non
212 1285 261 1348 hic
282 1289 407 1362 deneas,
430 1305 501 1361 non,
524 1288 574 1369 qul
596 1288 767 1350 defenderet
790 1288 924 1362 Andron,
1158 1300 1201 1350 665

129 1369 239 1432 Hector
261 1381 333 1447 erat,
355 1390 518 1453 perquem
540 1371 687 1433 decimum
710 1372 838 1434 durastis
860 1372 892 1434 in
915 1389 1037 1434 annum.

130 1453 247 1536 iamque
269 1456 448 1536 parabantur
469 1455 591 1536 captivis
612 1455 706 1517 vincla
727 1455 862 1517 lacertis:

129 1539 196 1602 illae
217 1539 355 1602 tollentes
377 1540 548 1601 etiamnunc
570 1539 662 1602 libera
684 1539 765 1601 caelo

129 1623 264 1687 bracchia
288 1621 423 1699 „bacche
445 1634 537 1705 pater,
560 1625 604 1686 166
625 1625 749 1706 opeml“
772 1624 883 1686 dixere,
927 1621 1053 1705 tulitque

129 1708 261 1770 muneris
283 1718 388 1770 auctor
410 1728 507 1790 opem,
528 1745 569 1756 —
591 1711 617 1772 si
639 1710 715 1772 miro
737 1710 862 1792 perdere
883 1727 967 1771 more
1161 1719 1205 1771 666

129 1794 206 1855 16666
228 1802 348 1855 vocatur
369 1812 467 1875 opem.
511 1814 566 1858 666
588 1814 646 1876 qua
668 1797 783 1859 ratione
805 1795 929 1875 figuram

129 1877 321 1959 perdiderint,
345 1879 428 1960 potui
451 1879 527 1942 scire
547 1890 598 1943 aut
620 1899 702 1942 nunc
722 1880 822 1942 dicere
843 1898 978 1962 possum,

129 1981 242 2025 summa
264 1962 333 2026 mali
356 1973 426 2026 nota
448 1976 508 2026 est:
530 1984 645 2046 pennas
665 1983 821 2046 sumpsere
841 1974 970 2046 tuaeque

130 2048 265 2125 coniugis
286 2048 317 2109 in
341 2048 485 2121 volucres,
507 2050 606 2111 niueas
626 2049 725 2111 abiere
747 2042 918 2111 columbas.³

214 2131 334 2193 Talibus
355 2142 445 2213 atque
467 2132 531 2194 eliis
552 2133 861 2214 postquamconvtvia
883 2133 972 2196 dictis
1161 2144 1205 2195 666

129 2215 293 2296 inplerunt,
315 2234 417 2279 mensa
439 2235 576 2280 somnum
599 2219 710 2300 petiere
732 2228 856 2281 remota.

130 2319 256 2382 cumque
277 2301 324 2363 die
346 2313 473 2382 surgunt
494 2304 661 2384 adeuntque
683 2304 801 2366 oracula
823 2302 952 2365 Phoebi:

129 2386 181 2466 qui
204 2397 304 2466 petere
326 2388 476 2468 antiquam
498 2397 620 2451 matrem
643 2398 830 2468 cognataque
851 2388 936 2451 iussit

129 2470 223 2532 litora.
267 2473 458 2552 prosequitur
478 2490 529 2533 rex
552 2482 581 2533 et
603 2472 652 2534 dat
673 2490 782 2535 munus
804 2472 900 2544 ituris,

129 2555 275 2616 Anchisae
296 2566 456 2636 sceptrum,
478 2557 660 2637 chlamydem
684 2559 913 2638 pharetramque
935 2557 1048 2638 nepoti,
1163 2567 1207 2619 666

129 2652 240 2702 cratera
263 2643 388 2713 Aeneae,
411 2660 499 2722 quem
521 2643 669 2723 quondam
691 2642 844 2704 transtulit
865 2641 908 2703 6116

128 2726 239 2806 hospes
259 2724 295 2787 ab
318 2726 422 2788 doniis
443 2726 570 2790 Therses
591 2726 738 2789 Ismenius
760 2730 831 2789 oris.

128 2810 249 2872 miserat
271 2810 349 2872 hanc
370 2811 412 2872 6116
434 2811 571 2887 Therses,
593 2812 785 2875 fabricaverat
807 2811 900 2873 Alcon

129 2895 240 2976 Hyleus
262 2904 293 2956 et
315 2895 405 2976 longo
429 2896 588 2959 caelaverat
608 2909 793 2976 argumento.

130 2980 201 3042 urbs
223 2989 293 3053 erat,
309 2992 338 3040 et
360 2993 472 3062 septem
496 3001 598 3062 posses
620 2982 774 3043 ostendere
797 2988 916 3061 portas:
1161 2991 1204 3042 665

129 3066 185 3127 666
207 3084 261 3145 pro
285 3067 406 3127 nomine
427 3079 520 3140 eraut,
544 3079 573 3128 et
596 3086 671 3170 quaq
694 3067 769 3128 loret
792 3065 853 3140 illa,
876 3065 1031 3127 docebant.

130 3215 271 3282 hacamque
283 3213 446 3271 6166666666
498 3155 828 3270 6566ῗ6611616-66666666
847 3213 989 3267 6666666661
1043 3214 1206 3269 6551666661

130 3285 180 3337 658
198 3288 225 3334 66
244 3282 348 3335 616666
413 3286 463 3337 656
482 3285 760 3404 classeanicqqnthrpmrt
822 3282 975 3337 666666Ιί6
993 3281 1019 3334 61
1083 3287 1133 3338 662
1152 3283 1208 3336 red-

130 3417 435 3470 dantur—minanturh
504 3422 554 3472 663
577 3426 654 3489 atque
677 3436 749 3472 meae
773 3437 798 3488 p.
823 3418 948 3471 consortia
969 3417 994 3468 61
1066 3427 1207 3486 pectorae

131 3483 852 3608 ”⁰⁰¹¹“l'¹⁰¹⁸id'illkdtm⁶⁶da‘il‘¹³⁶¹¹rltad⁶3
869 3501 1032 3607 ttttt‘
1059 3491 1208 3619 attat

130 3559 231 3673 mulli
282 3624 332 3675 stt
351 3622 448 3689 possim
461 3622 548 3675 116666.
600 3594 649 3678 617
669 3625 800 3677 edeuutb
853 3593 904 3676 ets
922 3623 1028 3689 antiqua
1047 3628 1207 3690 cognataque

130 3689 230 3742 moenia
248 3688 368 3742 iussit.C
421 3694 470 3744 659
489 3692 608 3744 littoreh
661 3690 891 3745 68166666666661
945 3691 1074 3757 quaembl
1128 3698 1209 3742 trans·

131 3757 200 3821 tulit]
219 3758 354 3814 miserate
406 3762 456 3813 682
474 3759 781 3828 inuiis-pumeneuslll
828 3759 1004 3827 ystmeniuse
1057 3761 1106 3812 686
1123 3759 1207 3811 thersa

129 3825 155 3877 bl
224 3826 413 3880 6846116666
483 3830 525 3892 [ab
543 3828 640 3881 Alcone
658 3828 739 3896 Lydio
766 3827 881 3880 caelatus
900 3827 1025 3879 Laetcut.
1044 3831 1073 3878 in
1091 3830 1206 3894 orgum]

130 3962 180 4014 685
199 3976 289 4028 possus
308 3970 331 4024 ta
350 3979 385 4013 66
397 3979 412 4014 6
425 3966 505 4030 corr.)
523 3962 659 4018 ostendere
676 3961 813 4034 passashl
864 3903 1231 4028 &tregru-lemma&
