2692 4230
100 118 163 183 208
559 130 713 185 mutatur.

102 306 131 360 et
153 308 237 380 paret
258 301 410 365 obsessum
432 299 546 380 glaciali
567 299 677 376 frigore
699 316 817 382 corpue

101 402 186 447 mens
207 394 304 449 tamen
328 395 362 448 ut
382 385 478 457 rediit,
499 380 610 462 pariter
630 382 744 445 rediere
763 386 889 465 furores,

101 468 261 551 linguaque
281 472 329 533 vix
351 469 424 531 talea
443 467 502 528 icto
524 464 604 526 dedit
624 475 692 527 aere
711 485 813 531 roceo:

97 546 140 616 ‘ct
163 555 279 617 merito!
302 553 372 634 quid
394 550 473 613 enim
494 549 648 612 temeraria
670 549 799 614 uulneris
819 556 907 619 buius

100 638 243 701 indicium
265 634 344 701 teci?
366 634 446 715 quid,
469 650 544 714 quae
565 634 687 697 celanda
710 632 839 714 luerunt,

100 735 160 785 tam
182 725 240 786 cito
263 719 396 784 commisi
418 718 584 800 properatio
605 718 692 782 verba
714 719 847 783 ubettist

101 819 170 870 ante
192 816 253 870 erat
273 802 419 882 ambiguis
438 802 530 865 animi
551 805 697 868 contentia
718 804 805 866 dictis

102 889 341 974 praetemptanda
365 886 446 950 mibi.
490 906 528 949 nc
550 907 611 952 non
634 898 806 970 sequeretur
832 902 959 968 euntem,

101 986 185 1058 parte
207 974 303 1053 aliqua
324 972 390 1046 veli,
413 972 508 1053 qualis
527 974 605 1037 soret
627 994 707 1050 aura,
730 983 831 1036 notare

103 1061 260 1122 debueram
282 1066 405 1138 tutoque
427 1057 500 1119 mari
522 1058 689 1135 decurrere,
711 1078 787 1142 quao
809 1078 889 1122 nuuc

102 1162 164 1207 non
187 1140 346 1222 exploratis
368 1141 476 1223 inpleri
497 1141 586 1207 lintea
608 1146 712 1208 ventio.

101 1227 219 1289 auferor
241 1227 270 1287 in
294 1227 434 1308 scopulos
454 1228 546 1308 igitur
567 1230 766 1311 subversaque
786 1238 848 1292 toto

102 1311 213 1372 obruor
235 1329 357 1388 oceano,
380 1331 477 1394 nequo
497 1315 608 1377 habent
627 1334 691 1377 mea
713 1315 775 1379 vela
796 1333 943 1378 recursum

102 1395 172 1476 quid
195 1397 274 1477 quod
296 1406 325 1458 et
347 1397 496 1460 ominibus
517 1401 607 1462 certis
627 1400 806 1480 prohibebar
826 1399 919 1462 amori

102 1481 255 1561 indulgere
276 1500 354 1558 meo,
376 1491 440 1545 tum
462 1500 530 1544 cum
552 1483 625 1546 mihi
647 1485 725 1546 ierne
746 1485 859 1547 iubenti

102 1568 210 1629 excidit
231 1578 261 1629 et
282 1567 353 1630 lecit
372 1584 442 1648 apes
463 1577 579 1628 nocuas
601 1585 669 1628 cera
691 1567 837 1630 caducasl

102 1670 203 1713 nonne
224 1651 269 1712 vel
291 1650 339 1712 illa
362 1652 423 1711 dieo
443 1650 539 1712 lucrat
560 1651 605 1712 vel
625 1658 686 1712 tota
709 1652 852 1726 noluntas,

101 1739 153 1799 aed
175 1737 274 1817 potius
296 1734 434 1796 mutanda
457 1731 541 1796 diea‘l
562 1735 636 1797 dcus
658 1736 722 1817 ipsc
745 1737 884 1798 monebat

101 1822 244 1901 signaque
266 1828 344 1880 certa
366 1818 462 1894 dabat,
483 1819 508 1880 ai
531 1838 593 1881 uon
615 1822 783 1884 malesana
805 1822 934 1884 fuissem.

102 1916 251 1966 ettamen
274 1902 337 1985 ipsa
360 1901 450 1984 loqui,
472 1922 528 1965 nec
550 1922 598 1967 mc
619 1905 802 1968 committere
824 1926 907 1968 cerae

101 1989 259 2050 debueram
282 2006 480 2069 praesensque
501 2006 585 2050 meos
605 1992 720 2070 aporire
743 1991 866 2052 furores.

101 2074 221 2134 vidisset
241 2073 385 2147 lacrimas,
406 2071 518 2135 vultum
539 2073 659 2135 uidisset
682 2077 817 2150 amantis,

102 2159 185 2240 plura
209 2158 290 2238 loqui
313 2167 456 2238 poteram,
479 2177 566 2239 quam
589 2178 664 2238 quae
686 2179 791 2240 cepere
815 2159 944 2221 tabellae.

101 2245 192 2304 invito
216 2245 299 2323 potui
322 2243 503 2305 circumdare
525 2242 661 2305 bracchia
683 2244 760 2305 collo

102 2340 141 2403 et,
164 2329 188 2389 si
211 2329 346 2401 remorer,
369 2328 451 2409 potui
473 2327 615 2389 moritura
637 2329 727 2390 videri

103 2413 298 2494 amplectique
320 2413 411 2494 pedes
432 2412 592 2493 adfusaque
614 2430 736 2494 poscere
757 2414 853 2474 vitam.

103 2499 201 2559 omnia
224 2498 367 2571 iecissem,
390 2515 516 2577 quorum
538 2498 562 2558 si
586 2497 701 2577 singula
722 2498 825 2559 duram

103 2585 221 2645 flectere
244 2600 302 2643 non
326 2591 472 2662 poterant,
495 2581 661 2663 potuissent
683 2584 791 2655 omnia,
814 2592 952 2643 montem.

102 2669 225 2729 forsitan
250 2677 278 2728 et
300 2667 381 2727 missi
404 2668 441 2728 sit
463 2667 605 2746 quaedam
627 2666 713 2748 culpa
737 2667 876 2729 ministri:

105 2771 163 2814 non
187 2752 257 2813 adiit
278 2761 346 2831 apte
370 2770 424 2812 nec
446 2752 517 2829 legit
538 2751 654 2822 idonea,
676 2753 775 2826 credo,

104 2848 237 2919 tempora
260 2855 315 2897 nec
337 2837 422 2917 petiit
442 2837 605 2917 bonamque
626 2836 816 2917 animumque
839 2848 997 2898 vacantem.

105 2924 177 2984 haec
200 2939 328 2982 nocuere
351 2922 432 2982 mibi.
476 2921 674 3001 nequeenim
697 2932 742 2982 ost
763 2922 799 2983 de
820 2922 924 3000 tigride
946 2931 1039 2992 natus,

106 3026 161 3068 nec
182 3006 290 3086 rigidas
311 3005 409 3068 silices
430 3005 591 3067 solidumve
612 3006 642 3067 in
666 3017 786 3088 pectore
807 3007 915 3068 sermm

104 3103 154 3152 aut
176 3094 327 3152 adamanta
350 3090 426 3169 gerit
447 3109 502 3152 nec
524 3090 570 3152 lac
590 3089 666 3153 bibit
686 3090 736 3152 ille
758 3090 885 3153 leaenae.

104 3177 247 3236 vincetur.
291 3174 469 3255 repetendus
490 3175 556 3246 erit,
579 3193 636 3236 nec
657 3177 750 3238 taedia
772 3175 868 3257 coepti

106 3261 163 3322 ulla
186 3261 242 3321 mei
266 3260 388 3340 capiam,
411 3261 480 3321 dum
503 3260 626 3341 spiritus
647 3261 702 3322 iste
723 3260 862 3322 manebit.

173 3413 222 3462 589
240 3417 267 3461 et
279 3414 296 3460 i.
309 3426 341 3471 r,
357 3414 387 3459 ln
399 3424 485 3474 marg.
497 3425 528 3461 er
546 3408 571 3461 111
624 3413 674 3463 585
692 3411 735 3460 rix
753 3410 865 3476 linguaq;
883 3409 950 3461 tales
967 3409 1078 3474 (tnguaq
1097 3410 1115 3456 ι’.
1131 3422 1170 3471 r.,·

105 3483 195 3544 apost
213 3495 226 3529 τ
244 3477 479 3539 admallandum,
497 3493 556 3529 cum
573 3494 591 3529 o
604 3493 650 3544 pr.
666 3494 701 3529 m.
718 3483 767 3528 aut
783 3477 817 3529 rrl
835 3484 899 3528 esset
917 3481 965 3527 out
983 3474 1064 3540 :utto
1120 3477 1169 3528 590

104 3554 206 3599 cuntem
226 3551 247 3610 (t
265 3561 335 3596 corr.
353 3562 388 3595 σε
405 3544 432 3606 d)
450 3543 475 3595 ll
544 3547 594 3598 592
613 3546 752 3598 dubueram
769 3544 794 3596 ll
850 3545 990 3612 totoqueC
1051 3540 1126 3601 mar}
1143 3543 1169 3595 ld

105 3613 287 3681 5915115101,
309 3613 356 3664 red
378 3617 406 3663 in
423 3629 509 3679 marg.
528 3629 594 3665 nunc
613 3614 630 3665 1.
648 3612 673 3664 bi
742 3614 957 3681 submersaquea
1023 3610 1169 3671 dillubium

104 3686 288 3749 (triopuucto
306 3685 324 3731 ι’.
342 3679 421 3745 ν.)11
482 3684 529 3734 ott
549 3687 640 3734 tunes
700 3684 749 3733 599
768 3681 874 3734 [uerita
925 3680 985 3732 volu
1006 3679 1083 3731 tacti
1117 3695 1170 3730 aron

104 3754 201 3814 reperi,
219 3755 264 3801 eur·
281 3750 409 3800 debeatur·
425 3749 545 3801 voluutas
602 3752 652 3801 60¹1
672 3749 791 3802 reiciorer
807 3753 845 3812 (er
862 3749 955 3813 addit.)
1058 3748 1107 3798 699
1125 3746 1170 3799 du·

105 3816 194 3871 ruml
256 3821 305 3870 612
324 3824 383 3885 apte
401 3833 452 3870 non
470 3814 566 3869 attici
635 3820 683 3870 611
704 3832 787 3885 neque
805 3824 845 3870 est
861 3813 927 3868 dei
987 3811 1172 3881 blicoepiti.

103 3888 154 3939 619
171 3884 280 3938 mobili
334 3881 467 3953 cupiamd
