2692 4230
131 125 194 189 296
463 175 465 181 .
591 131 745 189 Marsum
999 149 1101 188 imnis.
1130 149 1203 188 snus

134 321 204 382 ergo
227 303 292 367 aliis
313 305 434 369 latrasse
454 301 629 383 Dymantida
651 299 749 362 llebile
769 302 864 366 visum
886 316 946 368 est:
1158 313 1202 365 tto

134 387 264 452 luctibus
285 399 331 453 est
350 393 466 452 Aurora
486 385 550 448 suis
570 383 683 446 intenta
705 383 829 466 piasque
974 448 978 456 ,

132 493 213 536 nnnc
235 493 354 556 quoque
375 474 425 535 dat
445 469 583 531 lacrimas
604 477 635 530 et
655 476 718 530 toto
740 478 820 531 rorat
841 471 871 532 in
895 473 974 536 orbe.

216 559 283 621 Non
304 568 402 620 amen
426 570 557 614 eversam
579 552 685 616 Troiae
707 570 775 615 cum
795 557 951 620 moenibus
973 575 1037 620 esse

132 661 215 725 spem
238 660 357 725 quoque
378 640 436 701 lata
458 637 579 699 sinunt:
602 656 685 701 saera
706 645 746 714 et,
768 639 970 718 momeliam,
991 651 1103 725 patrem

132 728 190 790 lert
210 725 329 798 umeris,
352 720 519 785 venerabile
541 740 629 797 onus,
651 722 824 803 Cythereius
844 723 941 785 beros.
1158 733 1202 785 625

133 812 169 875 de
189 811 277 874 ands
298 807 406 889 opibus
428 807 566 887 praedam
588 807 657 889 pius
678 806 760 887 eligit
780 805 858 869 illam

132 895 348 972 Ascaniumque
369 909 467 953 suum.
511 893 698 974 profugaque
719 910 774 974 per
794 909 922 971 aequora
943 893 1035 958 classe

132 981 226 1042 fertur
247 977 282 1039 ab
305 976 456 1037 Antandro
479 975 679 1059 scelerataque
700 976 802 1039 limina
823 975 970 1038 'l'braeum

132 1074 163 1126 et
182 1061 344 1142 Polydoreo
367 1069 535 1122 manantem
554 1063 700 1142 sanguine
721 1072 827 1124 terram

132 1145 240 1226 linquit
261 1154 291 1206 et
311 1143 434 1206 utilibus
454 1145 551 1207 ventis
571 1156 716 1228 aestuque
737 1145 867 1209 secundo

132 1231 224 1292 intrat
244 1228 429 1310 Apollineam
452 1230 542 1292 sociis
562 1231 773 1295 comitantibus
794 1230 908 1294 urbem.

132 1316 212 1377 hune
233 1314 337 1388 Anius,
360 1332 418 1395 quo
441 1333 512 1394 rege
533 1317 680 1392 homines,
701 1317 831 1380 antistite
852 1313 988 1377 Phoebus

131 1399 188 1462 rite
209 1397 369 1473 colebatur,
390 1400 562 1483 temploque
583 1402 733 1482 domoque
752 1400 864 1483 recepit

131 1483 294 1565 urbemque
315 1485 443 1546 ostendit
463 1485 645 1567 delubraque
666 1495 736 1548 nota
758 1487 889 1567 duasque

132 1568 243 1632 Latona
265 1570 414 1650 quondam
436 1571 544 1650 stirpes
565 1571 699 1651 pariente
720 1580 859 1632 retentas.

131 1663 198 1716 ture
218 1654 288 1716 dato
309 1653 435 1715 dammis
457 1654 587 1733 vinoque
608 1655 640 1716 in
662 1661 728 1715 tura
749 1655 870 1734 profuso

132 1756 342 1817 caesarumque
363 1737 454 1799 boum
476 1737 560 1798 fibris
581 1738 618 1799 de
638 1754 723 1799 more
744 1738 880 1799 crematis

131 1823 211 1901 regia
233 1829 309 1883 tecta
332 1830 437 1902 petunt
457 1820 621 1902 positisque
642 1820 791 1902 tapetibus
812 1821 880 1883 altis

133 1924 256 1968 munera
278 1923 345 1967 curn
366 1905 480 1986 liquido
501 1905 625 1986 capiunt
646 1905 775 1968 Cerealia
796 1905 922 1967 Baccho.

133 1999 204 2053 tunc
225 1990 293 2071 pius
314 1989 472 2051 Anchises:
491 1983 525 2051 ‘o
547 1988 660 2052 Pboebi
682 1989 758 2053 lecte
778 1990 924 2062 sacerdos,

132 2074 228 2150 failor,
250 2093 288 2136 an
311 2087 340 2136 et
362 2082 474 2148 natum,
496 2092 565 2137 cum
587 2075 719 2156 primum
741 2074 814 2137 baec
834 2075 951 2137 moenia
972 2075 1041 2151 vidi,

132 2159 235 2240 bisque
257 2159 330 2222 duas
353 2167 446 2234 natas,
469 2168 614 2240 quantum
635 2159 820 2232 reminiscor,
843 2154 1008 2222 habebasi’

131 2243 202 2307 buic
223 2244 317 2305 Anius
339 2244 431 2306 niveis
453 2243 634 2306 circumdata
656 2254 791 2325 tempora
812 2244 890 2305 vittis

133 2329 306 2391 concutiens
327 2338 357 2391 et
376 2328 471 2391 tristis
493 2329 551 2391 ait:
571 2320 647 2391 ‘non
670 2329 790 2402 lalleris,
811 2330 900 2392 beros

134 2413 273 2477 maxime:
295 2413 392 2476 vidisti
415 2423 554 2476 natorum
576 2413 710 2495 quinque
731 2424 892 2496 parentem,

133 2516 219 2580 quem
242 2516 332 2571 nunc,
356 2508 435 2561 tanta
455 2498 594 2561 homines
614 2516 716 2560 rerum
737 2499 937 2561 inconstantia
959 2509 1061 2572 versat,

133 2601 227 2664 paene
248 2583 328 2644 vides
349 2581 465 2644 orbum.
511 2583 592 2663 quod
613 2584 694 2645 enim
716 2583 788 2644 mibi
810 2582 889 2644 filius
910 2583 1016 2645 absens

132 2666 283 2740 auxilium,
305 2685 393 2746 quem
415 2667 492 2728 dicta
513 2684 569 2729 suo
591 2667 628 2728 de
651 2667 773 2729 nomine
795 2666 882 2728 tellus

133 2751 249 2814 Andros
269 2750 366 2824 babet,
388 2768 444 2831 pro
467 2759 551 2831 patre
571 2750 731 2830 locumque
753 2761 782 2811 et
802 2768 892 2831 regna
915 2749 1086 2813 tenentem?

133 2834 232 2898 Delius
253 2835 408 2914 augurium
430 2834 511 2896 dedit
532 2834 619 2896 buia:
641 2834 720 2896 dedit
742 2833 831 2897 altera
853 2834 941 2898 Liber

133 2919 275 2982 femineae
296 2919 381 3000 stirpi
402 2928 470 2980 voto
492 2919 603 2981 maiora
626 2919 743 3001 fideque

133 3021 264 3066 munera.
308 3022 376 3065 nam
399 3012 476 3066 tactu
499 3013 634 3066 natarum
656 3013 764 3066 cuncta
786 3022 916 3066 mearum

133 3088 165 3149 in
187 3098 314 3168 segetem
337 3087 512 3168 laticemque
533 3088 608 3150 meri
631 3105 780 3170 canaeque
802 3088 948 3150 llinervae

133 3234 203 3341 iiiicree
218 3286 244 3339 bi
305 3289 384 3352 nore}
410 3286 492 3341 blarte
513 3291 583 3340 cont.
607 3289 696 3340 Ham.
757 3287 1031 3341 luceeoui.Mer1r.²
1090 3291 1139 3341 62⁰
1161 3297 1201 3341 est

133 3370 222 3410 mc
290 3358 336 3408 621
366 3362 407 3407 est
431 3372 482 3408 cm.
502 3361 598 3422 postea
624 3353 761 3408 aureati
830 3359 880 3410 dlA
908 3356 974 3410 lacta
1001 3357 1026 3409 lt
1094 3359 1200 3424 patrem]

134 3420 271 3490 templabl
322 3425 373 3476 626
391 3422 589 3492 cythereiaisll
642 3423 813 3476 cithareiusli
874 3427 924 3479 626
941 3424 973 3477 ad
990 3425 1017 3489 (d
1034 3442 1070 3477 aar
1086 3425 1103 3477 b
1121 3429 1200 3480 corr-l

134 3489 264 3545 anundrd.
282 3493 308 3554 (a
321 3506 383 3545 cao
403 3494 485 3559 corr.)
502 3492 669 3559 scelaerataq:
687 3491 712 3545 bl
766 3494 816 3545 tat
834 3508 883 3559 que
895 3493 974 3546 omli
1026 3490 1199 3545 ostendensid

133 3628 183 3680 636
201 3573 274 3679 thuri
290 3625 410 3678 relosob
469 3630 518 3680 sat
538 3625 742 3692 cesorumqueb
799 3629 848 3680 638
867 3628 943 3694 positi
964 3644 995 3680 ue
1013 3628 1100 3679 Hans.
1152 3631 1200 3681 tlt

133 3694 220 3747 tonali
271 3697 322 3748 646
346 3708 422 3760 quem
446 3702 499 3747 tam
522 3693 717 3760 unc-:lllqlllml
740 3698 776 3759 (ᾖ
794 3710 843 3747 nnc
865 3698 883 3746 ι’.
900 3697 933 3760 r.)
1027 3711 1099 3749 versa
1122 3695 1200 3748 esth

132 3764 182 3815 dli
200 3763 268 3815 enirn
285 3760 358 3814 esth
416 3764 467 3816 ota
486 3760 557 3830 qnod
573 3768 645 3830 patre
663 3763 749 3816 locum
770 3762 934 3852 quod-regna
952 3770 1049 3816 teneret
1066 3762 1091 3814 Μ
1151 3766 1199 3816 663

122 3895 299 3965 laticesqnec
347 3897 408 3954 mei,
420 3897 447 3965 ll.
460 3899 479 3953 i.
490 3904 526 3966 r.)
538 3829 684 3969 ri'l'pssibqu
696 3829 881 3960 mibblrbiielfin
892 3913 978 3964 marg.
989 3899 1051 3950 baca
1064 3914 1081 3950 o
1092 3913 1126 3949 m.
1136 3896 1199 3962 ml
