2692 4230
132 124 193 188 172
456 184 459 191 ,
586 132 740 189 ldll'l'dllbl.

131 302 217 367 altius
238 307 297 386 egit
318 308 383 372 iter.
425 304 519 388 rapidi
539 302 645 365 vicinia
670 301 741 364 solis
810 348 813 353 .

130 388 224 453 mollit
245 392 390 467 odoratas,
411 404 576 472 pennarum
597 385 724 460 vincula,
748 404 840 452 ceras

130 474 286 539 tabuerant
306 493 404 539 cerae:
427 471 524 535 nudos
546 468 639 550 quatit
659 467 710 531 ille
731 468 855 537 lacertos

130 559 311 642 remigioque
332 575 435 621 carens
457 572 517 616 uon
540 554 615 616 ullas
636 553 763 635 percipit
783 573 877 620 auras

131 661 239 724 oraque
259 642 392 706 caerulea
414 639 542 720 patrium
564 637 717 701 clamantia
739 656 848 702 nomen

131 727 317 809 excipiuntur
337 742 428 806 aqua:
452 740 527 803 quae
549 741 659 786 nomen
682 722 769 786 traxit
791 723 828 784 ab
850 724 912 789 illo.

130 822 160 873 at
179 820 261 893 pater
282 808 392 882 infelix,
413 824 469 868 nec
490 807 548 869 iam
570 818 663 890 pater,
681 797 796 883 ‘leare’,
817 808 900 885 dixit,

127 888 248 969 ‘leare’,
270 893 341 954 dixit
358 885 423 953 ‘ubi
445 888 499 954 esi
521 911 579 974 qua
601 901 631 956 te
651 893 774 974 regione
794 891 980 974 requiram‘l’

128 969 236 1040 ‘lesre'
260 975 388 1038 dicebat:
411 995 526 1057 pennas
547 977 679 1060 adaperit
699 978 730 1039 in
753 976 840 1039 undis

130 1061 300 1140 devovitque
322 1078 389 1122 suas
410 1069 490 1123 artes
510 1080 680 1145 corpusque
700 1060 858 1144 sepulchro

130 1145 270 1208 condidit
314 1153 344 1207 et
365 1144 452 1207 tellus
472 1163 489 1207 a
512 1149 633 1210 nomine
654 1147 731 1211 dicta
752 1145 872 1228 sepulti.
948 1182 951 1191 ·

214 1228 301 1291 Hunc
321 1229 421 1292 miseri
442 1231 556 1294 tumulo
579 1241 740 1315 ponentem
762 1249 887 1314 corpore
911 1231 971 1294 nati

129 1312 244 1392 garrula
265 1332 380 1377 ramosa
402 1317 553 1399 prospexit
574 1317 611 1379 ab
633 1316 699 1379 ilice
720 1317 823 1399 perdia

130 1404 159 1459 et
180 1397 287 1479 plausit
308 1400 415 1482 pennis
436 1410 600 1482 testataque
622 1401 726 1482 gaudia
747 1411 835 1464 cantu
858 1412 917 1464 est:

130 1483 216 1546 unica
237 1493 309 1546 tunc
329 1484 457 1547 volucris
479 1503 535 1547 nec
554 1485 615 1546 viss
636 1485 786 1565 prioribus
807 1486 903 1562 annis,

129 1568 263 1649 laetaque
284 1587 381 1650 nuper
400 1569 470 1641 aris,
492 1569 615 1647 longum
638 1567 701 1641 tibi,
723 1567 858 1643 Daedale,
880 1571 1002 1633 crimen.

131 1671 257 1734 namque
277 1653 348 1714 huie
368 1652 534 1725 tradiderat,
556 1651 684 1713 fatorum
705 1651 1000 1731 ignara,·docendam

149 1736 298 1817 rogeniem
321 1753 459 1816 germana
479 1753 573 1809 snam,
597 1735 743 1798 natalibus
763 1736 836 1798 actis

129 1756 174 1883 [is
195 1836 320 1901 puerum
341 1819 431 1894 senis,
453 1820 544 1882 animi
565 1821 600 1883 ad
622 1829 778 1902 praecepta
800 1822 926 1904 capacis.

129 1904 177 1967 ille
199 1905 284 1967 etiam
305 1904 402 1967 medio
423 1903 525 1986 spinas
545 1904 577 1965 in
599 1905 680 1986 pisce
701 1914 817 1967 notatas

129 1989 213 2052 traxit
233 1988 264 2051 in
286 1989 451 2070 exemplum
473 1990 611 2069 terreque
632 1989 737 2051 incidit
756 1999 843 2051 acuto

129 2083 287 2156 perpetuos
309 2073 413 2136 dentes
435 2084 464 2135 et
484 2091 583 2135 serrae
604 2073 736 2155 repperit
757 2092 853 2136 usum.

129 2159 242 2239 primus
263 2169 293 2220 et
315 2177 349 2221 ex
372 2175 432 2219 uno
454 2157 513 2220 dno
536 2159 630 2220 ferrea
653 2158 789 2221 braeobia
811 2159 890 2220 nodo

128 2242 228 2318 vinxit,
249 2252 283 2305 ut
303 2241 417 2324 aequali
438 2243 534 2323 spatio
556 2242 732 2305 distantibus
753 2242 812 2304 illis

128 2326 218 2389 altera
239 2345 307 2408 pars
328 2335 427 2401 staret,
450 2345 519 2408 pars
539 2327 629 2389 altera
651 2328 772 2390 duceret
794 2327 907 2390 orbem.

129 2410 270 2474 Daedalus
291 2411 394 2474 inridit
415 2429 555 2492 sacraque
576 2431 612 2473 ex
633 2430 701 2474 arce
721 2411 868 2475 blinerrse

129 2496 318 2577 praeeipitem
340 2495 428 2571 misit,
449 2495 564 2577 lapsum
585 2496 736 2559 mentitus.
779 2506 809 2558 at
830 2497 913 2559 illum

129 2599 204 2661 quae
226 2581 302 2643 iavet
322 2581 449 2661 ingeniis
471 2581 586 2662 excepit
606 2580 700 2643 Pallas
721 2599 861 2662 avemque

128 2664 252 2728 reddidit
273 2673 301 2726 et
323 2666 419 2727 medio
441 2664 545 2727 velavit
565 2666 596 2727 in
619 2675 686 2728 aere
711 2666 828 2747 pennis.

128 2749 179 2811 sed
200 2749 282 2830 rigor
302 2749 414 2829 ingenii
436 2751 585 2831 quondam
607 2748 715 2812 velocis
735 2751 766 2811 in
788 2748 848 2812 alas

128 2833 218 2916 inque
238 2835 328 2917 pedes
349 2833 435 2898 abiit:
457 2852 566 2896 nomen
588 2835 668 2915 quod
690 2843 809 2897 stante
830 2832 980 2896 remansit.

129 2937 189 2982 non
213 2929 309 2981 tamen
331 2922 403 2983 baec
425 2917 484 2981 alte
504 2919 632 2980 uolucris
653 2937 706 2981 sna
727 2937 852 3001 corpora
874 2917 960 2992 tollit,

129 3022 184 3066 noc
204 3004 272 3066 lacit
293 3003 323 3065 in
346 3004 433 3066 ramis
453 3004 573 3085 altoque
594 3003 748 3066 cacumine
770 3003 870 3065 nidos:

129 3097 249 3170 propter
269 3089 392 3150 bumum
414 3087 516 3150 volitat
537 3088 680 3169 ponitque
701 3088 732 3150 in
754 3088 893 3168 saepibus
914 3105 968 3149 ova

128 3172 298 3254 antiquique
320 3191 432 3235 memor
452 3173 560 3235 metuit
580 3173 715 3234 sublimia
737 3190 832 3234 casus.

212 3257 331 3339 lamque
352 3257 504 3337 fatigatum
526 3257 615 3319 tellus
635 3260 763 3320 Aetnaea
784 3254 912 3319 tenebat·

128 3340 285 3417 Daedalon,
307 3352 337 3404 et
358 3342 483 3423 sumptis
504 3360 559 3423 pro
581 3341 718 3423 supplice
740 3340 865 3403 Cocalus
885 3340 975 3402 armis

129 3427 208 3489 mitis
228 3426 400 3503 habebatur,
421 3428 478 3489 iam
501 3426 688 3488 lamentabile
711 3428 842 3488 dthenae

195 3579 243 3631 ast
262 3583 288 3630 at
306 3573 514 3628 comentur
584 3577 854 3643 resquiescam·
888 3572 966 3626 noll
1035 3575 1082 3626 237
1102 3573 1193 3625 limoso

129 3645 250 3713 prospicit
267 3644 332 3697 elice
349 3648 446 3695 auctor
462 3643 495 3695 de
511 3643 573 3696 dub.
585 3646 686 3695 nomin.
704 3645 859 3710 (grammat.
905 3646 924 3694 t.
937 3642 977 3694 sd.
988 3642 1019 3693 11.
1031 3639 1087 3692 Keil
1097 3639 1126 3692 V
1129 3641 1192 3704 587)

128 3797 177 3850 ²4³
193 3797 291 3876 rapacis
308 3793 334 3847 bi
361 3725 483 3864 lreatpacis
500 3814 513 3846 a
569 3798 619 3849 245
637 3794 735 3849 inducit
752 3791 768 3847 λ
826 3796 876 3850 tto
893 3809 967 3848 usum
986 3796 1021 3859 (m
1039 3810 1053 3844 e
1069 3794 1150 3858 corr.)
1167 3789 1193 3843 li

127 3866 176 3918 249
193 3870 265 3917 soree
281 3865 316 3929 (st
334 3866 352 3916 t
369 3862 446 3929 albi
498 3864 548 3918 255
565 3863 636 3932 quod
653 3860 737 3916 om.t
791 3865 840 3918 260
858 3863 990 3917 etbnead
