2692 4230
134 127 289 166 arscrnrnus
341 184 344 191 ‚
573 110 605 177 ll,
624 113 766 165 130-191.

135 303 184 347 rer
204 285 331 347 hiemem
353 282 490 362 Pisciquc
511 281 594 344 Aries
616 284 747 347 succedit
768 303 891 368 aquoso,

133 379 166 432 tu
189 370 297 432 totiens
319 367 413 429 oreris
434 366 577 449 viridique
600 368 630 431 iu
653 370 782 452 caespite
803 371 901 433 tlores.

132 465 163 518 te
184 474 268 517 meus
290 462 357 515 ante
380 469 485 514 omnes
506 455 623 533 genitor
644 454 755 531 dilexit,
777 465 807 519 et
828 456 919 520 orbe·

133 540 165 603 iu
187 539 284 601 medio
306 535 394 617 positi
416 548 577 603 caruemnt
601 539 735 622 praeside
756 541 873 622 Delphi,

133 627 203 687 dum
225 624 297 684 deus
318 621 449 684 Eurotan
472 624 708 704 inmunitamque
729 624 896 706 frequentat

134 710 272 791 Sparten.
315 724 370 768 nec
392 707 520 772 citharae
541 727 598 772 nec
619 719 690 769 suut
711 708 741 770 in
764 710 879 772 honore
900 711 1039 791 sagittae:

133 795 278 856 inmemor
300 791 364 871 ipse
385 793 431 855 sui
455 813 515 857 non
537 793 610 855 retia
632 791 710 854 ferre
732 803 857 863 recusat,

134 896 195 941 non
217 875 347 939 tonuisse
369 896 467 954 canes,
492 897 551 939 non
575 895 629 959 per
650 877 718 957 iuga
740 877 850 940 montis
871 878 965 960 iniqui

132 964 177 1025 ire
198 978 307 1036 comes,
329 962 478 1044 longaque
499 962 551 1024 alit
572 961 766 1024 adsuetudine
786 963 927 1026 flammas.
993 995 997 1002 ·

132 1047 249 1125 iamque
272 1048 331 1109 lere
353 1048 469 1109 medius
489 1046 578 1109 Titan
600 1047 744 1109 venientis
765 1059 795 1111 et
816 1058 899 1111 actae

133 1131 230 1193 noctis
251 1142 313 1194 erat
334 1132 489 1214 spatioque
512 1133 576 1215 pari
598 1132 723 1195 distabat
745 1134 903 1216 utrimque,

136 1234 260 1297 corpora
281 1226 361 1279 reste
382 1217 480 1280 lerant
501 1227 532 1280 et
553 1236 625 1280 suco
647 1217 768 1298 pinguis
790 1219 859 1280 oliri

132 1299 344 1383 splendescunt
365 1301 476 1382 latique
498 1302 603 1363 ineunt
624 1302 784 1365 certamina
806 1303 890 1364 disci.

133 1405 220 1469 quem
242 1387 326 1468 prius
345 1387 439 1448 acrias
461 1386 599 1448 libratum
621 1385 760 1448 Phoebus
782 1387 815 1449 in
837 1405 924 1451 auras

132 1472 213 1535 misit
235 1481 266 1533 et
287 1471 439 1552 oppositas
460 1470 577 1533 disiecit
597 1471 729 1552 pondere
751 1471 855 1534 nuhes.

132 1556 254 1620 reccidit
275 1556 306 1616 in
328 1554 450 1617 solidam
473 1555 564 1637 longo
586 1565 652 1636 post
674 1565 809 1637 tempore
828 1567 937 1620 terram

132 1643 260 1724 pondus·
272 1651 300 1702 et
316 1639 455 1703 ¹exhibuit
475 1641 606 1703 iunctam
628 1659 695 1703 cum
718 1642 830 1704 viribus
851 1652 953 1705 artem.

132 1726 268 1808 protinus
290 1725 453 1807 inprudens
474 1736 618 1806 actusque
638 1726 779 1806 cupidine
800 1726 884 1790 lusus

93 1858 95 1861 -
132 1811 236 1873 tollere
258 1811 435 1873 Taenarides
457 1809 560 1872 orbem
582 1810 768 1892 properabat.
811 1822 841 1874 at
866 1812 948 1874 illum

131 1897 204 1958 dura
226 1914 400 1977 repercusso
422 1895 551 1958 subiecit
571 1895 694 1958 verbere
715 1895 802 1958 tellus

116 1982 165 2051 ‚iu
187 1981 295 2056 vultus,
318 1980 492 2061 Hyacinthe,
514 1991 592 2043 tuos.
636 1980 776 2064 expalluit
797 2000 891 2064 aeque

132 2084 220 2148 quam
242 2085 317 2147 puer
338 2067 402 2147 ipse
423 2068 497 2128 deus
521 2065 739 2148 conlapsosque
760 2066 870 2148 excipit
890 2076 981 2140 artus,

132 2162 161 2214 ct
182 2151 270 2212 modo
293 2161 322 2212 te
342 2151 464 2225 reloret,
486 2152 576 2214 modo
598 2151 692 2214 tristia
713 2151 835 2214 vulnera
856 2151 957 2227 siccat,

132 2256 213 2299 nunc
234 2236 361 2298 animam
383 2236 511 2299 admotis
533 2237 695 2316 lugientem
717 2237 844 2299 sustinet
865 2236 973 2299 herbis.

132 2322 173 2383 nil
195 2329 323 2403 prosunt
343 2330 437 2384 artesr
460 2331 523 2383 erat
543 2321 749 2385 inmedicabile
769 2321 887 2384 uulnus.

131 2416 165 2468 ut
186 2406 279 2487 siquis
300 2406 391 2468 riolas
412 2407 534 2486 riguere
556 2424 683 2487 papaver
704 2406 735 2467 in
757 2408 844 2468 horto

131 2492 250 2571 lihaque
273 2491 414 2570 infringat
435 2491 523 2553 lulris
544 2490 694 2554 haerentia
716 2489 838 2570 linguis,

132 2578 258 2639 marcida
280 2576 435 2639 demittant
456 2576 555 2638 subito
577 2585 667 2657 caput
686 2575 735 2637 illa
757 2585 906 2655 gravatum

132 2680 188 2724 nec
209 2680 241 2723 se
262 2662 426 2723 sustineant
448 2671 643 2743 spectentque
664 2661 818 2729 cacumine
839 2670 964 2722 terram:

131 2747 174 2808 sic
194 2746 293 2808 vultus
313 2746 445 2808 moriens
466 2747 550 2819 iacet,
573 2755 604 2808 et
625 2746 737 2808 delecta
758 2746 859 2826 vigore

130 2832 194 2912 ipsa
216 2830 272 2892 sibi
295 2841 339 2893 est
361 2832 445 2893 oneri
468 2831 564 2894 cervix
586 2849 750 2913 umeroque
770 2829 925 2893 recumbit.

133 2916 269 2991 „laberis
293 2916 442 2991 Oebalide,
464 2916 559 2997 prima
581 2915 712 2979 fraudate
734 2916 883 2988 iureuta“,

132 3000 271 3064 Phoebus
290 3002 331 3062 ait
353 3003 517 3082 „videoque
539 3010 634 3075 tuum,
660 3019 724 3063 mea
746 3000 881 3074 crimina,
905 2998 1020 3059 vulnus.

131 3121 335 3131 ····“““··“““·
921 3111 950 3148 ‘td

201 3173 248 3222 166
268 3169 357 3231 oreris]
375 3166 528 3221 houerasbl
583 3170 631 3221 169
649 3168 809 3286 europpmc
862 3164 998 3231 immutiq:
1015 3160 1041 3213 M
1097 3177 1139 3213 uo.
1158 3165 1207 3241 112

131 3240 226 3290 -187
252 3241 281 3288 in
303 3252 390 3302 marg.
411 3235 452 3287 M·
526 3238 572 3288 tra
598 3237 690 3302 iulllga
810 3237 858 3335 t'ta
882 3234 971 3285 isser
1042 3233 1089 3285 tib
1114 3233 1206 3293 noctus]

131 3371 227 3423 lucise
290 3373 390 3440 uitrique
408 3371 433 3423 hl
506 3375 554 3425 180
573 3369 704 3423 recidithl
769 3319 889 3423 rebitur
955 3363 1095 3419 reccidill
1160 3368 1207 3419 tua

131 3457 142 3511 l
155 3457 300 3525 imprudens
585 3453 597 3507 l
609 3453 753 3521 actusque²

152 3526 332 3578 incumbenss
383 3519 539 3593 anusque).
607 3523 768 3590 artisqurs
841 3519 895 3573 ludi
912 3520 993 3570 raum
1010 3518 1087 3571 codd.
1104 3519 1208 3570 Hunni·

873 3614 888 3651 a

131 3659 252 3714 iussusll
307 3663 353 3714 183
372 3660 405 3713 ad
422 3659 448 3711 hl
502 3662 551 3713 181
569 3657 776 3726 repercussumc
828 3656 950 3718 inhere'llllp
967 3658 992 3718 (e
1010 3655 1126 3706 alterurn
1142 3657 1161 3707 ι’.
1173 3656 1208 3717 r.)

131 3727 156 3780 hl
209 3728 234 3780 in
252 3725 344 3781 serat
395 3729 421 3780 iu
439 3744 529 3781 aeres
581 3725 890 3795 repercusso-verbere
908 3723 1005 3775 llarlr.²
1057 3738 1208 3791 repercusso

132 3797 287 3864 -pondere
306 3801 339 3849 οἱ.
357 3796 427 3847 hbcl
484 3798 532 3849 186
549 3789 714 3863 ωΙΙιρωελ
767 3795 815 3846 186
833 3790 992 3859 rigidorehl
1046 3785 1209 3860 papaveral

136 3868 180 3918 191
200 3865 327 3918 horrentia
346 3865 421 3915 Κίοιο
473 3862 594 3930 liguisbl
659 3863 707 3916 tut
725 3861 888 3914 dimittuuta
950 3862 1031 3927 gram]
1050 3856 1208 3928 quietum!
