<?xml version="1.0" encoding="UTF-8"?>
<!DOCTYPE html PUBLIC "-//W3C//DTD XHTML 1.0 Transitional//EN"
    "http://www.w3.org/TR/xhtml1/DTD/xhtml1-transitional.dtd">
<html xmlns="http://www.w3.org/1999/xhtml" xml:lang="en" lang="en">
 <head>
  <title>
</title>
<meta http-equiv="Content-Type" content="text/html;charset=utf-8" />
  <meta name='ocr-system' content='tesseract 3.04.00' />
  <meta name='ocr-capabilities' content='ocr_page ocr_carea ocr_par ocr_line ocrx_word'/>
</head>
<body>
  <div class='ocr_page' id='page_1' title='image "./povidinasonisme00korngoog_0179.png"; bbox 0 0 2692 4230; ppageno 0'>
   <div class='ocr_carea' id='block_1_1' title="bbox 106 114 738 215">
    <p class='ocr_par' dir='ltr' id='par_1_1' title="bbox 106 114 738 215">
     <span class='ocr_line' id='line_1_1' title="bbox 106 114 738 215; baseline 0.005 -36"><span class='ocrx_word' id='word_1_1' title='bbox 106 116 166 181; x_wconf 82' lang='lat' dir='ltr'><strong>aon</strong></span> <span class='ocrx_word' id='word_1_2' title='bbox 466 176 503 215; x_wconf 16' lang='grc' dir='ltr'><strong>ι,</strong></span> <span class='ocrx_word' id='word_1_3' title='bbox 559 114 738 182; x_wconf 72' lang='lat' dir='ltr'><strong>annau·</strong></span> 
     </span>
    </p>
   </div>
   <div class='ocr_carea' id='block_1_2' title="bbox 101 294 1009 718">
    <p class='ocr_par' dir='ltr' id='par_1_2' title="bbox 102 294 1009 635">
     <span class='ocr_line' id='line_1_2' title="bbox 105 294 963 384; baseline 0.007 -26"><span class='ocrx_word' id='word_1_4' title='bbox 105 297 246 374; x_wconf 75' lang='lat' dir='ltr'><strong>(muneris</strong></span> <span class='ocrx_word' id='word_1_5' title='bbox 265 300 324 364; x_wconf 86' lang='lat' dir='ltr'><strong>hoc</strong></span> <span class='ocrx_word' id='word_1_6' title='bbox 345 299 477 377; x_wconf 82' lang='lat' dir='ltr'><strong>nomen).</strong></span> <span class='ocrx_word' id='word_1_7' title='bbox 520 294 692 359; x_wconf 82' lang='lat' dir='ltr'><strong>iamdudum</strong></span> <span class='ocrx_word' id='word_1_8' title='bbox 711 295 829 363; x_wconf 85' lang='lat' dir='ltr'><strong>vincula</strong></span> <span class='ocrx_word' id='word_1_9' title='bbox 850 308 963 384; x_wconf 73' lang='lat' dir='ltr'><strong>pugnat</strong></span> 
     </span>
     <span class='ocr_line' id='line_1_3' title="bbox 105 379 1005 468; baseline 0 -24"><span class='ocrx_word' id='word_1_10' title='bbox 105 399 210 446; x_wconf 84' lang='lat' dir='ltr'><strong>exuere</strong></span> <span class='ocrx_word' id='word_1_11' title='bbox 231 384 295 468; x_wconf 87' lang='lat' dir='ltr'><strong>ipae</strong></span> <span class='ocrx_word' id='word_1_12' title='bbox 315 384 372 448; x_wconf 89' lang='lat' dir='ltr'><strong>aibi</strong></span> <span class='ocrx_word' id='word_1_13' title='bbox 392 381 530 461; x_wconf 84' lang='lat' dir='ltr'><strong>celioque</strong></span> <span class='ocrx_word' id='word_1_14' title='bbox 549 379 695 441; x_wconf 89' lang='lat' dir='ltr'><strong>morantia</strong></span> <span class='ocrx_word' id='word_1_15' title='bbox 716 383 821 445; x_wconf 85' lang='lat' dir='ltr'><strong>tendit.</strong></span> <span class='ocrx_word' id='word_1_16' title='bbox 1001 402 1005 411; x_wconf 91' lang='lat'><em>·</em></span> 
     </span>
     <span class='ocr_line' id='line_1_4' title="bbox 102 460 1009 546; baseline 0.006 -17"><span class='ocrx_word' id='word_1_17' title='bbox 102 466 149 529; x_wconf 82' lang='lat' dir='ltr'><strong>vix</strong></span> <span class='ocrx_word' id='word_1_18' title='bbox 169 466 245 531; x_wconf 87' lang='lat' dir='ltr'><strong>bene</strong></span> <span class='ocrx_word' id='word_1_19' title='bbox 265 469 374 531; x_wconf 82' lang='lat' dir='ltr'><strong>miaaue</strong></span> <span class='ocrx_word' id='word_1_20' title='bbox 394 471 467 538; x_wconf 80' lang='lat' dir='ltr'><strong>erat,</strong></span> <span class='ocrx_word' id='word_1_21' title='bbox 488 460 625 546; x_wconf 68' lang='lat' dir='ltr'><strong>neriam</strong></span> <span class='ocrx_word' id='word_1_22' title='bbox 647 471 829 544; x_wconf 72' lang='lat' dir='ltr'><strong>poteramus,</strong></span> <span class='ocrx_word' id='word_1_23' title='bbox 849 468 901 532; x_wconf 84' lang='lat' dir='ltr'><strong>uhi</strong></span> <span class='ocrx_word' id='word_1_24' title='bbox 922 477 1009 544; x_wconf 77' lang='lat' dir='ltr'><strong>canet,</strong></span> 
     </span>
     <span class='ocr_line' id='line_1_5' title="bbox 103 545 890 635; baseline 0 -21"><span class='ocrx_word' id='word_1_25' title='bbox 103 551 187 614; x_wconf 83' lang='lat' dir='ltr'><strong>acino.</strong></span> <span class='ocrx_word' id='word_1_26' title='bbox 230 554 346 635; x_wconf 89' lang='lat' dir='ltr'><strong>pedum·</strong></span> <span class='ocrx_word' id='word_1_27' title='bbox 360 547 472 612; x_wconf 80' lang='lat' dir='ltr'><strong>calidae</strong></span> <span class='ocrx_word' id='word_1_28' title='bbox 493 546 614 627; x_wconf 74' lang='lat' dir='ltr'><strong>vestigia</strong></span> <span class='ocrx_word' id='word_1_29' title='bbox 636 545 733 628; x_wconf 83' lang='lat' dir='ltr'><strong>pulvia&#39;</strong></span> <span class='ocrx_word' id='word_1_30' title='bbox 753 548 890 628; x_wconf 76' lang='lat' dir='ltr'><strong>habebat,</strong></span> 
     </span>
    </p>

    <p class='ocr_par' dir='ltr' id='par_1_3' title="bbox 101 630 798 718">
     <span class='ocr_line' id='line_1_6' title="bbox 101 630 798 718; baseline -0.006 -21"><span class='ocrx_word' id='word_1_31' title='bbox 101 635 166 718; x_wconf 84' lang='lat' dir='ltr'><strong>ipae</strong></span> <span class='ocrx_word' id='word_1_32' title='bbox 186 637 279 698; x_wconf 82' lang='lat' dir='ltr'><strong>oculis</strong></span> <span class='ocrx_word' id='word_1_33' title='bbox 300 642 419 714; x_wconf 87' lang='lat' dir='ltr'><strong>ereptua</strong></span> <span class='ocrx_word' id='word_1_34' title='bbox 441 638 513 692; x_wconf 88' lang='lat' dir='ltr'><strong>erat.</strong></span> <span class='ocrx_word' id='word_1_35' title='bbox 557 649 619 694; x_wconf 91' lang='lat' dir='ltr'><strong>non</strong></span> <span class='ocrx_word' id='word_1_36' title='bbox 641 630 724 693; x_wconf 88' lang='lat' dir='ltr'><strong>ocior</strong></span> <span class='ocrx_word' id='word_1_37' title='bbox 746 631 798 693; x_wconf 87' lang='lat' dir='ltr'><strong>ilio</strong></span> 
     </span>
    </p>
   </div>
   <div class='ocr_carea' id='block_1_3' title="bbox 15 714 844 796">
    <p class='ocr_par' dir='ltr' id='par_1_4' title="bbox 15 714 844 796">
     <span class='ocr_line' id='line_1_7' title="bbox 15 714 844 796; baseline -0.006 -15"><span class='ocrx_word' id='word_1_38' title='bbox 15 790 18 795; x_wconf 40' lang='grc'>,</span> <span class='ocrx_word' id='word_1_39' title='bbox 101 718 185 783; x_wconf 87' lang='lat' dir='ltr'><strong>haata</strong></span> <span class='ocrx_word' id='word_1_40' title='bbox 207 738 262 782; x_wconf 87' lang='lat' dir='ltr'><strong>nec</strong></span> <span class='ocrx_word' id='word_1_41' title='bbox 283 724 386 780; x_wconf 74' lang='lat' dir='ltr'><strong>exntm</strong></span> <span class='ocrx_word' id='word_1_42' title='bbox 407 723 546 777; x_wconf 88' lang='lat' dir='ltr'><strong>contorto</strong></span> <span class='ocrx_word' id='word_1_43' title='bbox 568 715 689 779; x_wconf 80' lang='lat' dir='ltr'><strong>verbere</strong></span> <span class='ocrx_word' id='word_1_44' title='bbox 711 714 844 796; x_wconf 75' lang='lat' dir='ltr'><strong>glandes,</strong></span> 
     </span>
    </p>
   </div>
   <div class='ocr_carea' id='block_1_4' title="bbox 93 797 1047 3073">
    <p class='ocr_par' dir='ltr' id='par_1_5' title="bbox 99 797 937 1391">
     <span class='ocr_line' id='line_1_8' title="bbox 102 797 840 883; baseline -0.004 -18"><span class='ocrx_word' id='word_1_45' title='bbox 102 822 157 865; x_wconf 87' lang='lat' dir='ltr'><strong>nec</strong></span> <span class='ocrx_word' id='word_1_46' title='bbox 178 801 354 883; x_wconf 72' lang='lat' dir='ltr'><strong>Gortyniaco</strong></span> <span class='ocrx_word' id='word_1_47' title='bbox 374 797 505 863; x_wconf 59' lang='lat' dir='ltr'><strong>waninc</strong></span> <span class='ocrx_word' id='word_1_48' title='bbox 524 798 598 864; x_wconf 82' lang='lat' dir='ltr'><strong>levia</strong></span> <span class='ocrx_word' id='word_1_49' title='bbox 620 800 680 864; x_wconf 83' lang='lat' dir='ltr'><strong>exit</strong></span> <span class='ocrx_word' id='word_1_50' title='bbox 700 798 737 863; x_wconf 85' lang='lat' dir='ltr'><strong>ab</strong></span> <span class='ocrx_word' id='word_1_51' title='bbox 758 818 840 863; x_wconf 87' lang='lat' dir='ltr'><strong>arcu.</strong></span> 
     </span>
     <span class='ocr_line' id='line_1_9' title="bbox 103 882 816 966; baseline -0.006 -17"><span class='ocrx_word' id='word_1_52' title='bbox 103 885 185 949; x_wconf 81' lang='lat' dir='ltr'><strong>collis</strong></span> <span class='ocrx_word' id='word_1_53' title='bbox 204 903 277 966; x_wconf 83' lang='lat' dir='ltr'><strong>apex</strong></span> <span class='ocrx_word' id='word_1_54' title='bbox 297 883 385 946; x_wconf 92' lang='lat' dir='ltr'><strong>medii</strong></span> <span class='ocrx_word' id='word_1_55' title='bbox 407 882 548 947; x_wconf 84' lang='lat' dir='ltr'><strong>auhioctia</strong></span> <span class='ocrx_word' id='word_1_56' title='bbox 568 885 697 948; x_wconf 90' lang='lat' dir='ltr'><strong>inminet</strong></span> <span class='ocrx_word' id='word_1_57' title='bbox 721 884 816 947; x_wconf 78' lang='lat' dir='ltr'><strong>mia:</strong></span> 
     </span>
     <span class='ocr_line' id='line_1_10' title="bbox 102 967 825 1052; baseline -0.001 -20"><span class='ocrx_word' id='word_1_58' title='bbox 102 970 190 1033; x_wconf 85' lang='lat' dir='ltr'><strong>tollor</strong></span> <span class='ocrx_word' id='word_1_59' title='bbox 211 987 245 1030; x_wconf 90' lang='lat' dir='ltr'><strong>eo</strong></span> <span class='ocrx_word' id='word_1_60' title='bbox 267 967 411 1050; x_wconf 87' lang='lat' dir='ltr'><strong>capioque</strong></span> <span class='ocrx_word' id='word_1_61' title='bbox 433 968 502 1031; x_wconf 85' lang='lat' dir='ltr'><strong>nori</strong></span> <span class='ocrx_word' id='word_1_62' title='bbox 523 970 691 1052; x_wconf 74' lang='lat' dir='ltr'><strong>spectacula</strong></span> <span class='ocrx_word' id='word_1_63' title='bbox 709 987 825 1043; x_wconf 84' lang='lat' dir='ltr'><strong>carana,</strong></span> 
     </span>
     <span class='ocr_line' id='line_1_11' title="bbox 101 1051 937 1135; baseline 0.002 -20"><span class='ocrx_word' id='word_1_64' title='bbox 101 1072 159 1135; x_wconf 82' lang='lat' dir='ltr'><strong>quo</strong></span> <span class='ocrx_word' id='word_1_65' title='bbox 180 1051 267 1113; x_wconf 91' lang='lat' dir='ltr'><strong>modo</strong></span> <span class='ocrx_word' id='word_1_66' title='bbox 288 1051 441 1134; x_wconf 81' lang='lat' dir='ltr'>deprendi,</span> <span class='ocrx_word' id='word_1_67' title='bbox 461 1054 551 1117; x_wconf 91' lang='lat' dir='ltr'><strong>modo</strong></span> <span class='ocrx_word' id='word_1_68' title='bbox 573 1074 605 1118; x_wconf 83' lang='lat' dir='ltr'><strong>ae</strong></span> <span class='ocrx_word' id='word_1_69' title='bbox 626 1052 850 1119; x_wconf 80' lang='lat' dir='ltr'><strong>eubdueere&#39;ah</strong></span> <span class='ocrx_word' id='word_1_70' title='bbox 871 1053 937 1135; x_wconf 82' lang='lat' dir='ltr'><strong>ipto</strong></span> 
     </span>
     <span class='ocr_line' id='line_1_12' title="bbox 99 1136 903 1204; baseline 0.001 -5"><span class='ocrx_word' id='word_1_71' title='bbox 99 1137 219 1199; x_wconf 81' lang='lat' dir='ltr'><strong>vnlnere</strong></span> <span class='ocrx_word' id='word_1_72' title='bbox 238 1136 298 1197; x_wconf 83' lang='lat' dir='ltr'><strong>visa</strong></span> <span class='ocrx_word' id='word_1_73' title='bbox 320 1137 381 1200; x_wconf 81' lang='lat' dir='ltr'><strong>fera</strong></span> <span class='ocrx_word' id='word_1_74' title='bbox 403 1147 456 1202; x_wconf 79' lang='lat' dir='ltr'><strong>eat</strong></span> <span class='ocrx_word' id='word_1_75' title='bbox 499 1157 556 1204; x_wconf 88' lang='lat' dir='ltr'><strong>nee</strong></span> <span class='ocrx_word' id='word_1_76' title='bbox 576 1139 673 1203; x_wconf 85' lang='lat' dir='ltr'><strong>limite</strong></span> <span class='ocrx_word' id='word_1_77' title='bbox 694 1138 798 1203; x_wconf 86' lang='lat' dir='ltr'><strong>callida</strong></span> <span class='ocrx_word' id='word_1_78' title='bbox 821 1146 903 1201; x_wconf 83' lang='lat' dir='ltr'><strong>neoto</strong></span> 
     </span>
     <span class='ocr_line' id='line_1_13' title="bbox 99 1220 897 1391; baseline 0.008 -25"><span class='ocrx_word' id='word_1_79' title='bbox 99 1220 131 1366; x_wconf 74' lang='lat' dir='ltr'><strong>{i</strong></span> <span class='ocrx_word' id='word_1_80' title='bbox 149 1220 897 1391; x_wconf 56' lang='lat' dir='ltr'><strong>tditttittiffldtititpdtti³⁸</strong></span> 
     </span>
    </p>

    <p class='ocr_par' dir='ltr' id='par_1_6' title="bbox 96 1352 1047 2295">
     <span class='ocr_line' id='line_1_14' title="bbox 403 1352 886 1384; baseline 0.002 -16"><span class='ocrx_word' id='word_1_81' title='bbox 403 1353 412 1384; x_wconf 84' lang='lat'>,</span> <span class='ocrx_word' id='word_1_82' title='bbox 878 1352 886 1369; x_wconf 90' lang='lat'><strong>.</strong></span> 
     </span>
     <span class='ocr_line' id='line_1_15' title="bbox 100 1388 958 1475; baseline 0.008 -26"><span class='ocrx_word' id='word_1_83' title='bbox 100 1388 224 1451; x_wconf 89' lang='lat' dir='ltr'><strong>inminet</strong></span> <span class='ocrx_word' id='word_1_84' title='bbox 242 1391 292 1452; x_wconf 92' lang='lat' dir='ltr'><strong>hic</strong></span> <span class='ocrx_word' id='word_1_85' title='bbox 313 1392 505 1474; x_wconf 77' lang='lat' dir='ltr'>sequiturque</span> <span class='ocrx_word' id='word_1_86' title='bbox 526 1411 638 1474; x_wconf 82' lang='lat' dir='ltr'><strong>parem,</strong></span> <span class='ocrx_word' id='word_1_87' title='bbox 660 1392 825 1475; x_wconf 80' lang='lat' dir='ltr'><strong>similiaque</strong></span> <span class='ocrx_word' id='word_1_88' title='bbox 845 1391 958 1456; x_wconf 87' lang='lat' dir='ltr'><strong>tenenti</strong></span> 
     </span>
     <span class='ocr_line' id='line_1_16' title="bbox 100 1476 853 1540; baseline 0.007 -5"><span class='ocrx_word' id='word_1_89' title='bbox 100 1492 160 1535; x_wconf 91' lang='lat' dir='ltr'><strong>non</strong></span> <span class='ocrx_word' id='word_1_90' title='bbox 182 1482 263 1537; x_wconf 90' lang='lat' dir='ltr'><strong>tenet</strong></span> <span class='ocrx_word' id='word_1_91' title='bbox 283 1483 313 1537; x_wconf 89' lang='lat' dir='ltr'><strong>et</strong></span> <span class='ocrx_word' id='word_1_92' title='bbox 333 1494 424 1539; x_wconf 86' lang='lat' dir='ltr'><strong>ranoa</strong></span> <span class='ocrx_word' id='word_1_93' title='bbox 446 1485 562 1539; x_wconf 86' lang='lat' dir='ltr'><strong>exercet</strong></span> <span class='ocrx_word' id='word_1_94' title='bbox 582 1476 615 1538; x_wconf 90' lang='lat' dir='ltr'><strong>in</strong></span> <span class='ocrx_word' id='word_1_95' title='bbox 636 1486 704 1538; x_wconf 79' lang='lat' dir='ltr'><strong>atra</strong></span> <span class='ocrx_word' id='word_1_96' title='bbox 725 1495 853 1540; x_wconf 81' lang='lat' dir='ltr'><strong>morena</strong></span> 
     </span>
     <span class='ocr_line' id='line_1_17' title="bbox 99 1558 887 1641; baseline 0.005 -22"><span class='ocrx_word' id='word_1_97' title='bbox 99 1558 134 1620; x_wconf 90' lang='lat' dir='ltr'><strong>ad</strong></span> <span class='ocrx_word' id='word_1_98' title='bbox 155 1558 242 1621; x_wconf 87' lang='lat' dir='ltr'><strong>iaculi</strong></span> <span class='ocrx_word' id='word_1_99' title='bbox 263 1560 396 1622; x_wconf 85' lang='lat' dir='ltr'><strong>vertebar</strong></span> <span class='ocrx_word' id='word_1_100' title='bbox 417 1577 515 1641; x_wconf 90' lang='lat' dir='ltr'><strong>opem.</strong></span> <span class='ocrx_word' id='word_1_101' title='bbox 558 1559 638 1639; x_wconf 84' lang='lat' dir='ltr'><strong>quod</strong></span> <span class='ocrx_word' id='word_1_102' title='bbox 660 1558 778 1622; x_wconf 82' lang='lat' dir='ltr'><strong>dextera</strong></span> <span class='ocrx_word' id='word_1_103' title='bbox 800 1559 887 1623; x_wconf 81' lang='lat' dir='ltr'><strong>librat</strong></span> 
     </span>
     <span class='ocr_line' id='line_1_18' title="bbox 99 1642 902 1726; baseline 0.001 -21"><span class='ocrx_word' id='word_1_104' title='bbox 99 1642 167 1705; x_wconf 91' lang='lat' dir='ltr'><strong>dum</strong></span> <span class='ocrx_word' id='word_1_105' title='bbox 188 1661 262 1715; x_wconf 79' lang='lat' dir='ltr'><strong>mea,</strong></span> <span class='ocrx_word' id='word_1_106' title='bbox 284 1643 353 1705; x_wconf 90' lang='lat' dir='ltr'><strong>dnm</strong></span> <span class='ocrx_word' id='word_1_107' title='bbox 376 1643 484 1722; x_wconf 75' lang='lat' dir='ltr'><strong>digitos</strong></span> <span class='ocrx_word' id='word_1_108' title='bbox 504 1642 631 1704; x_wconf 87' lang='lat' dir='ltr'><strong>amentia</strong></span> <span class='ocrx_word' id='word_1_109' title='bbox 651 1642 758 1704; x_wconf 77' lang='lat' dir='ltr'><strong>addere</strong></span> <span class='ocrx_word' id='word_1_110' title='bbox 779 1652 902 1726; x_wconf 87' lang='lat' dir='ltr'><strong>tempto,</strong></span> 
     </span>
     <span class='ocr_line' id='line_1_19' title="bbox 97 1725 827 1808; baseline 0.003 -20"><span class='ocrx_word' id='word_1_111' title='bbox 97 1725 208 1789; x_wconf 84' lang='lat' dir='ltr'><strong>lumina</strong></span> <span class='ocrx_word' id='word_1_112' title='bbox 228 1727 342 1789; x_wconf 83' lang='lat' dir='ltr'><strong>deflexi.</strong></span> <span class='ocrx_word' id='word_1_113' title='bbox 384 1733 578 1808; x_wconf 83' lang='lat' dir='ltr'><strong>revocataque</strong></span> <span class='ocrx_word' id='word_1_114' title='bbox 598 1745 703 1789; x_wconf 85' lang='lat' dir='ltr'><strong>ruraua</strong></span> <span class='ocrx_word' id='word_1_115' title='bbox 724 1727 827 1790; x_wconf 87' lang='lat' dir='ltr'><strong>eodem</strong></span> 
     </span>
     <span class='ocr_line' id='line_1_20' title="bbox 97 1809 925 1895; baseline 0.002 -22"><span class='ocrx_word' id='word_1_116' title='bbox 97 1809 277 1873; x_wconf 86' lang='lat' dir='ltr'><strong>rettuleram:</strong></span> <span class='ocrx_word' id='word_1_117' title='bbox 299 1810 396 1873; x_wconf 89' lang='lat' dir='ltr'><strong>medio</strong></span> <span class='ocrx_word' id='word_1_118' title='bbox 418 1811 549 1889; x_wconf 75' lang='lat' dir='ltr'><strong>(mnam)</strong></span> <span class='ocrx_word' id='word_1_119' title='bbox 571 1811 631 1874; x_wconf 93' lang='lat' dir='ltr'><strong>dno</strong></span> <span class='ocrx_word' id='word_1_120' title='bbox 653 1829 799 1874; x_wconf 88' lang='lat' dir='ltr'><strong>marmora</strong></span> <span class='ocrx_word' id='word_1_121' title='bbox 821 1830 925 1895; x_wconf 90' lang='lat' dir='ltr'><strong>campo</strong></span> 
     </span>
     <span class='ocr_line' id='line_1_21' title="bbox 98 1894 830 1977; baseline 0.001 -20"><span class='ocrx_word' id='word_1_122' title='bbox 98 1895 242 1975; x_wconf 74' lang='lat' dir='ltr'><strong>adspicio:</strong></span> <span class='ocrx_word' id='word_1_123' title='bbox 264 1895 366 1975; x_wconf 80' lang='lat' dir='ltr'><strong>ingere</strong></span> <span class='ocrx_word' id='word_1_124' title='bbox 388 1896 456 1970; x_wconf 83' lang='lat' dir='ltr'><strong>hoc,</strong></span> <span class='ocrx_word' id='word_1_125' title='bbox 478 1894 551 1958; x_wconf 85' lang='lat' dir='ltr'><strong>iliud</strong></span> <span class='ocrx_word' id='word_1_126' title='bbox 572 1894 680 1957; x_wconf 87' lang='lat' dir='ltr'><strong>latrare</strong></span> <span class='ocrx_word' id='word_1_127' title='bbox 701 1905 830 1977; x_wconf 85' lang='lat' dir='ltr'><strong>putares.</strong></span> 
     </span>
     <span class='ocr_line' id='line_1_22' title="bbox 97 1978 770 2042; baseline 0 -2"><span class='ocrx_word' id='word_1_128' title='bbox 97 1978 209 2041; x_wconf 82' lang='lat' dir='ltr'><strong>acilicet</strong></span> <span class='ocrx_word' id='word_1_129' title='bbox 229 1979 353 2042; x_wconf 79' lang='lat' dir='ltr'><strong>inuictos</strong></span> <span class='ocrx_word' id='word_1_130' title='bbox 374 1980 460 2041; x_wconf 89' lang='lat' dir='ltr'><strong>ambo</strong></span> <span class='ocrx_word' id='word_1_131' title='bbox 482 1980 642 2041; x_wconf 88' lang='lat' dir='ltr'><strong>certamine</strong></span> <span class='ocrx_word' id='word_1_132' title='bbox 664 1997 770 2041; x_wconf 84' lang='lat' dir='ltr'><strong>curans</strong></span> 
     </span>
     <span class='ocr_line' id='line_1_23' title="bbox 98 2058 799 2145; baseline 0.001 -21"><span class='ocrx_word' id='word_1_133' title='bbox 98 2081 162 2124; x_wconf 82' lang='lat' dir='ltr'><strong>eane</strong></span> <span class='ocrx_word' id='word_1_134' title='bbox 182 2063 254 2126; x_wconf 90' lang='lat' dir='ltr'><strong>dena</strong></span> <span class='ocrx_word' id='word_1_135' title='bbox 274 2063 376 2139; x_wconf 83' lang='lat' dir='ltr'><strong>voluit,</strong></span> <span class='ocrx_word' id='word_1_136' title='bbox 397 2064 491 2145; x_wconf 81' lang='lat' dir='ltr'><strong>siquis</strong></span> <span class='ocrx_word' id='word_1_137' title='bbox 513 2063 586 2126; x_wconf 84' lang='lat' dir='ltr'><strong>deus</strong></span> <span class='ocrx_word' id='word_1_138' title='bbox 607 2064 701 2127; x_wconf 79' lang='lat' dir='ltr'><strong>adfuit</strong></span> <span class='ocrx_word' id='word_1_139' title='bbox 721 2058 799 2126; x_wconf 73' lang='lat' dir='ltr'><strong>iltis?</strong></span> 
     </span>
     <span class='ocr_line' id='line_1_24' title="bbox 98 2143 1047 2230; baseline 0.002 -22"><span class='ocrx_word' id='word_1_140' title='bbox 98 2147 248 2223; x_wconf 80' lang='lat' dir='ltr'><strong>hactonus,</strong></span> <span class='ocrx_word' id='word_1_141' title='bbox 270 2157 298 2210; x_wconf 88' lang='lat' dir='ltr'><strong>et</strong></span> <span class='ocrx_word' id='word_1_142' title='bbox 322 2148 419 2210; x_wconf 86' lang='lat' dir='ltr'><strong>tacuit.</strong></span> <span class='ocrx_word' id='word_1_143' title='bbox 459 2144 569 2210; x_wconf 88' lang='lat' dir='ltr'><strong>‘iaculo</strong></span> <span class='ocrx_word' id='word_1_144' title='bbox 591 2149 671 2228; x_wconf 88' lang='lat' dir='ltr'><strong>quod</strong></span> <span class='ocrx_word' id='word_1_145' title='bbox 693 2148 805 2211; x_wconf 86' lang='lat' dir='ltr'><strong>crimen</strong></span> <span class='ocrx_word' id='word_1_146' title='bbox 827 2148 858 2211; x_wconf 94' lang='lat' dir='ltr'><strong>in</strong></span> <span class='ocrx_word' id='word_1_147' title='bbox 881 2148 946 2230; x_wconf 84' lang='lat' dir='ltr'><strong>ipso</strong></span> <span class='ocrx_word' id='word_1_148' title='bbox 969 2143 1047 2211; x_wconf 83' lang='lat' dir='ltr'><strong>eati’</strong></span> 
     </span>
     <span class='ocr_line' id='line_1_25' title="bbox 96 2230 854 2295; baseline 0.001 -3"><span class='ocrx_word' id='word_1_149' title='bbox 96 2230 212 2294; x_wconf 83' lang='lat' dir='ltr'><strong>Phocus</strong></span> <span class='ocrx_word' id='word_1_150' title='bbox 235 2232 284 2294; x_wconf 82' lang='lat' dir='ltr'><strong>ait</strong></span> <span class='ocrx_word' id='word_1_151' title='bbox 327 2231 413 2295; x_wconf 86' lang='lat' dir='ltr'><strong>iaculi</strong></span> <span class='ocrx_word' id='word_1_152' title='bbox 435 2233 479 2295; x_wconf 89' lang='lat' dir='ltr'><strong>aie</strong></span> <span class='ocrx_word' id='word_1_153' title='bbox 500 2232 624 2295; x_wconf 87' lang='lat' dir='ltr'><strong>crimina</strong></span> <span class='ocrx_word' id='word_1_154' title='bbox 646 2233 774 2295; x_wconf 86' lang='lat' dir='ltr'><strong>reddidit</strong></span> <span class='ocrx_word' id='word_1_155' title='bbox 795 2232 854 2295; x_wconf 88' lang='lat' dir='ltr'><strong>iile.</strong></span> 
     </span>
    </p>

    <p class='ocr_par' dir='ltr' id='par_1_7' title="bbox 179 2309 1002 2399">
     <span class='ocr_line' id='line_1_26' title="bbox 179 2309 1002 2399; baseline 0.002 -22"><span class='ocrx_word' id='word_1_156' title='bbox 179 2309 302 2379; x_wconf 86' lang='lat' dir='ltr'><strong>‘Gaudia</strong></span> <span class='ocrx_word' id='word_1_157' title='bbox 324 2317 506 2399; x_wconf 89' lang='lat' dir='ltr'><strong>principium</strong></span> <span class='ocrx_word' id='word_1_158' title='bbox 528 2317 622 2379; x_wconf 87' lang='lat' dir='ltr'><strong>noatri</strong></span> <span class='ocrx_word' id='word_1_159' title='bbox 644 2327 724 2392; x_wconf 88' lang='lat' dir='ltr'><strong>aunt,</strong></span> <span class='ocrx_word' id='word_1_160' title='bbox 746 2316 855 2392; x_wconf 82' lang='lat' dir='ltr'><strong>Phoco,</strong></span> <span class='ocrx_word' id='word_1_161' title='bbox 878 2317 1002 2381; x_wconf 80' lang='lat' dir='ltr'><strong>doloris:</strong></span> 
     </span>
    </p>

    <p class='ocr_par' dir='ltr' id='par_1_8' title="bbox 93 2399 953 3073">
     <span class='ocr_line' id='line_1_27' title="bbox 96 2399 859 2482; baseline 0.003 -21"><span class='ocrx_word' id='word_1_162' title='bbox 96 2399 146 2462; x_wconf 89' lang='lat' dir='ltr'><strong>illa</strong></span> <span class='ocrx_word' id='word_1_163' title='bbox 167 2400 250 2482; x_wconf 85' lang='lat' dir='ltr'><strong>priua</strong></span> <span class='ocrx_word' id='word_1_164' title='bbox 270 2401 404 2464; x_wconf 83' lang='lat' dir='ltr'><strong>referam.</strong></span> <span class='ocrx_word' id='word_1_165' title='bbox 448 2401 526 2463; x_wconf 85' lang='lat' dir='ltr'><strong>iurat</strong></span> <span class='ocrx_word' id='word_1_166' title='bbox 548 2419 566 2462; x_wconf 99' lang='lat' dir='ltr'><strong>o</strong></span> <span class='ocrx_word' id='word_1_167' title='bbox 588 2401 759 2463; x_wconf 81' lang='lat' dir='ltr'><strong>meminisse</strong></span> <span class='ocrx_word' id='word_1_168' title='bbox 781 2401 859 2465; x_wconf 89' lang='lat' dir='ltr'><strong>beati</strong></span> 
     </span>
     <span class='ocr_line' id='line_1_28' title="bbox 96 2484 891 2567; baseline 0.001 -21"><span class='ocrx_word' id='word_1_169' title='bbox 96 2484 248 2566; x_wconf 86' lang='lat' dir='ltr'><strong>temporis,</strong></span> <span class='ocrx_word' id='word_1_170' title='bbox 270 2486 403 2561; x_wconf 78' lang='lat' dir='ltr'><strong>Aeacida,</strong></span> <span class='ocrx_word' id='word_1_171' title='bbox 427 2503 486 2566; x_wconf 87' lang='lat' dir='ltr'><strong>quo</strong></span> <span class='ocrx_word' id='word_1_172' title='bbox 508 2485 621 2566; x_wconf 85' lang='lat' dir='ltr'><strong>primoa</strong></span> <span class='ocrx_word' id='word_1_173' title='bbox 642 2486 699 2548; x_wconf 85' lang='lat' dir='ltr'><strong>rite</strong></span> <span class='ocrx_word' id='word_1_174' title='bbox 720 2504 775 2567; x_wconf 87' lang='lat' dir='ltr'><strong>per</strong></span> <span class='ocrx_word' id='word_1_175' title='bbox 792 2489 891 2549; x_wconf 84' lang='lat' dir='ltr'><strong>‘annos</strong></span> 
     </span>
     <span class='ocr_line' id='line_1_29' title="bbox 95 2569 805 2651; baseline 0.001 -21"><span class='ocrx_word' id='word_1_176' title='bbox 95 2570 221 2649; x_wconf 78' lang='lat' dir='ltr'><strong>coniuge</strong></span> <span class='ocrx_word' id='word_1_177' title='bbox 242 2588 319 2631; x_wconf 84' lang='lat' dir='ltr'><strong>aram</strong></span> <span class='ocrx_word' id='word_1_178' title='bbox 343 2570 421 2651; x_wconf 68' lang='lat' dir='ltr'><strong>felix,</strong></span> <span class='ocrx_word' id='word_1_179' title='bbox 443 2569 513 2631; x_wconf 76' lang='lat' dir='ltr'><strong>felix</strong></span> <span class='ocrx_word' id='word_1_180' title='bbox 534 2579 597 2632; x_wconf 87' lang='lat' dir='ltr'><strong>erat</strong></span> <span class='ocrx_word' id='word_1_181' title='bbox 619 2569 668 2632; x_wconf 85' lang='lat' dir='ltr'><strong>itta</strong></span> <span class='ocrx_word' id='word_1_182' title='bbox 689 2570 805 2632; x_wconf 88' lang='lat' dir='ltr'><strong>marito.</strong></span> 
     </span>
     <span class='ocr_line' id='line_1_30' title="bbox 93 2653 834 2717; baseline 0.001 -2"><span class='ocrx_word' id='word_1_183' title='bbox 93 2664 195 2717; x_wconf 91' lang='lat' dir='ltr'><strong>mutua</strong></span> <span class='ocrx_word' id='word_1_184' title='bbox 216 2672 286 2716; x_wconf 88' lang='lat' dir='ltr'><strong>cnra</strong></span> <span class='ocrx_word' id='word_1_185' title='bbox 307 2654 382 2716; x_wconf 83' lang='lat' dir='ltr'><strong>dnos</strong></span> <span class='ocrx_word' id='word_1_186' title='bbox 404 2664 432 2716; x_wconf 91' lang='lat' dir='ltr'><strong>et</strong></span> <span class='ocrx_word' id='word_1_187' title='bbox 453 2671 536 2717; x_wconf 87' lang='lat' dir='ltr'><strong>amor</strong></span> <span class='ocrx_word' id='word_1_188' title='bbox 561 2653 679 2717; x_wconf 79' lang='lat' dir='ltr'><strong>socialia</strong></span> <span class='ocrx_word' id='word_1_189' title='bbox 700 2653 834 2717; x_wconf 86' lang='lat' dir='ltr'><strong>habebat.</strong></span> 
     </span>
     <span class='ocr_line' id='line_1_31' title="bbox 94 2737 879 2821; baseline 0.003 -22"><span class='ocrx_word' id='word_1_190' title='bbox 94 2757 150 2800; x_wconf 87' lang='lat' dir='ltr'><strong>neo</strong></span> <span class='ocrx_word' id='word_1_191' title='bbox 171 2738 245 2800; x_wconf 84' lang='lat' dir='ltr'><strong>lovis</strong></span> <span class='ocrx_word' id='word_1_192' title='bbox 267 2738 315 2800; x_wconf 87' lang='lat' dir='ltr'><strong>iila</strong></span> <span class='ocrx_word' id='word_1_193' title='bbox 336 2756 403 2801; x_wconf 88' lang='lat' dir='ltr'><strong>meo</strong></span> <span class='ocrx_word' id='word_1_194' title='bbox 425 2737 570 2800; x_wconf 81' lang='lat' dir='ltr'><strong>thalamos</strong></span> <span class='ocrx_word' id='word_1_195' title='bbox 590 2738 754 2821; x_wconf 76' lang='lat' dir='ltr'><strong>praeferret</strong></span> <span class='ocrx_word' id='word_1_196' title='bbox 775 2741 879 2814; x_wconf 93' lang='lat' dir='ltr'><strong>amori,</strong></span> 
     </span>
     <span class='ocr_line' id='line_1_32' title="bbox 94 2822 953 2904; baseline 0.002 -20"><span class='ocrx_word' id='word_1_197' title='bbox 94 2841 158 2898; x_wconf 88' lang='lat' dir='ltr'><strong>nec,</strong></span> <span class='ocrx_word' id='word_1_198' title='bbox 180 2841 226 2884; x_wconf 89' lang='lat' dir='ltr'><strong>me</strong></span> <span class='ocrx_word' id='word_1_199' title='bbox 248 2841 322 2903; x_wconf 88' lang='lat' dir='ltr'><strong>quae</strong></span> <span class='ocrx_word' id='word_1_200' title='bbox 344 2832 471 2904; x_wconf 87' lang='lat' dir='ltr'><strong>caperet,</strong></span> <span class='ocrx_word' id='word_1_201' title='bbox 494 2841 554 2884; x_wconf 91' lang='lat' dir='ltr'><strong>non</strong></span> <span class='ocrx_word' id='word_1_202' title='bbox 577 2823 602 2884; x_wconf 83' lang='lat' dir='ltr'><strong>ni</strong></span> <span class='ocrx_word' id='word_1_203' title='bbox 624 2822 724 2884; x_wconf 89' lang='lat' dir='ltr'><strong>Venus</strong></span> <span class='ocrx_word' id='word_1_204' title='bbox 745 2823 809 2903; x_wconf 85' lang='lat' dir='ltr'><strong>ipaa</strong></span> <span class='ocrx_word' id='word_1_205' title='bbox 830 2824 953 2897; x_wconf 84' lang='lat' dir='ltr'><strong>veniret,</strong></span> 
     </span>
     <span class='ocr_line' id='line_1_33' title="bbox 94 2906 862 2989; baseline 0.004 -21"><span class='ocrx_word' id='word_1_206' title='bbox 94 2906 151 2968; x_wconf 82' lang='lat' dir='ltr'><strong>ulla</strong></span> <span class='ocrx_word' id='word_1_207' title='bbox 173 2918 249 2969; x_wconf 71' lang='lat' dir='ltr'><strong>erate</strong></span> <span class='ocrx_word' id='word_1_208' title='bbox 272 2907 409 2989; x_wconf 78' lang='lat' dir='ltr'><strong>aequales</strong></span> <span class='ocrx_word' id='word_1_209' title='bbox 430 2907 557 2970; x_wconf 87' lang='lat' dir='ltr'><strong>urebant</strong></span> <span class='ocrx_word' id='word_1_210' title='bbox 577 2916 697 2989; x_wconf 85' lang='lat' dir='ltr'><strong>pectora</strong></span> <span class='ocrx_word' id='word_1_211' title='bbox 719 2909 862 2971; x_wconf 85' lang='lat' dir='ltr'><strong>dammae</strong></span> 
     </span>
     <span class='ocr_line' id='line_1_34' title="bbox 93 2991 788 3073; baseline 0.001 -21"><span class='ocrx_word' id='word_1_212' title='bbox 93 2991 154 3052; x_wconf 85' lang='lat' dir='ltr'><strong>aoie</strong></span> <span class='ocrx_word' id='word_1_213' title='bbox 174 2992 235 3053; x_wconf 82' lang='lat' dir='ltr'><strong>iere</strong></span> <span class='ocrx_word' id='word_1_214' title='bbox 256 2992 346 3054; x_wconf 73' lang='lat' dir='ltr'><strong>radiis</strong></span> <span class='ocrx_word' id='word_1_215' title='bbox 365 2991 489 3054; x_wconf 78' lang='lat' dir='ltr'><strong>feriente</strong></span> <span class='ocrx_word' id='word_1_216' title='bbox 511 2992 664 3054; x_wconf 86' lang='lat' dir='ltr'><strong>cacumina</strong></span> <span class='ocrx_word' id='word_1_217' title='bbox 684 2991 788 3073; x_wconf 86' lang='lat' dir='ltr'><strong>primia</strong></span> 
     </span>
    </p>
   </div>
   <div class='ocr_carea' id='block_1_5' title="bbox 159 3120 1160 3242">
    <p class='ocr_par' dir='ltr' id='par_1_9' title="bbox 159 3120 1160 3242">
     <span class='ocr_line' id='line_1_35' title="bbox 159 3120 1160 3242; baseline 0.002 -18"><span class='ocrx_word' id='word_1_218' title='bbox 159 3177 206 3227; x_wconf 94' lang='grc'><strong>777</strong></span> <span class='ocrx_word' id='word_1_219' title='bbox 225 3155 317 3238; x_wconf 62' lang='lat' dir='ltr'><strong>ruffam</strong></span> <span class='ocrx_word' id='word_1_220' title='bbox 333 3172 375 3226; x_wconf 76' lang='grc' dir='ltr'><strong>77Ι</strong></span> <span class='ocrx_word' id='word_1_221' title='bbox 435 3188 513 3242; x_wconf 65' lang='lat' dir='ltr'><strong>exure</strong></span> <span class='ocrx_word' id='word_1_222' title='bbox 530 3171 576 3225; x_wconf 70' lang='grc' dir='ltr'><strong>Μ’</strong></span> <span class='ocrx_word' id='word_1_223' title='bbox 627 3188 750 3226; x_wconf 80' lang='lat' dir='ltr'><strong>excussae</strong></span> <span class='ocrx_word' id='word_1_224' title='bbox 767 3173 857 3225; x_wconf 71' lang='lat' dir='ltr'><strong>Herm.</strong></span> <span class='ocrx_word' id='word_1_225' title='bbox 911 3120 1053 3240; x_wconf 62' lang='lat' dir='ltr'><strong>plandicii</strong></span> <span class='ocrx_word' id='word_1_226' title='bbox 1111 3176 1160 3227; x_wconf 93' lang='grc'><strong>778</strong></span> 
     </span>
    </p>
   </div>
   <div class='ocr_carea' id='block_1_6' title="bbox 92 3255 1160 3390">
    <p class='ocr_par' dir='ltr' id='par_1_10' title="bbox 92 3255 1160 3390">
     <span class='ocr_line' id='line_1_36' title="bbox 92 3255 1160 3390; baseline 0.001 -13"><span class='ocrx_word' id='word_1_227' title='bbox 92 3326 228 3378; x_wconf 85' lang='lat' dir='ltr'><strong>cortiniaco</strong></span> <span class='ocrx_word' id='word_1_228' title='bbox 245 3324 311 3382; x_wconf 51' lang='grc' dir='ltr'><strong>Μὴ</strong></span> <span class='ocrx_word' id='word_1_229' title='bbox 379 3328 429 3380; x_wconf 87' lang='grc'><strong>788</strong></span> <span class='ocrx_word' id='word_1_230' title='bbox 447 3328 489 3390; x_wconf 91' lang='lat' dir='ltr'><strong>eo]</strong></span> <span class='ocrx_word' id='word_1_231' title='bbox 514 3324 540 3376; x_wconf 89' lang='lat' dir='ltr'><strong>in</strong></span> <span class='ocrx_word' id='word_1_232' title='bbox 557 3320 663 3376; x_wconf 77' lang='lat' dir='ltr'><strong>hnncd</strong></span> <span class='ocrx_word' id='word_1_233' title='bbox 730 3255 873 3377; x_wconf 53' lang='lat' dir='ltr'><strong>irlrehonnor</strong></span> <span class='ocrx_word' id='word_1_234' title='bbox 942 3326 989 3378; x_wconf 86' lang='grc'><strong>787</strong></span> <span class='ocrx_word' id='word_1_235' title='bbox 1009 3324 1116 3378; x_wconf 75' lang='lat' dir='ltr'><strong>sundere</strong></span> <span class='ocrx_word' id='word_1_236' title='bbox 1133 3322 1160 3378; x_wconf 67' lang='lat'><strong>2¹</strong></span> 
     </span>
    </p>
   </div>
   <div class='ocr_carea' id='block_1_7' title="bbox 92 3406 1160 3545">
    <p class='ocr_par' dir='ltr' id='par_1_11' title="bbox 92 3406 1160 3545">
     <span class='ocr_line' id='line_1_37' title="bbox 386 3406 1113 3464; baseline 0.004 -3"><span class='ocrx_word' id='word_1_237' title='bbox 386 3407 397 3462; x_wconf 84' lang='lat' dir='ltr'><strong>i</strong></span> <span class='ocrx_word' id='word_1_238' title='bbox 415 3409 485 3461; x_wconf 87' lang='lat' dir='ltr'><strong>canis</strong></span> <span class='ocrx_word' id='word_1_239' title='bbox 502 3406 514 3461; x_wconf 93' lang='grc'><strong>7</strong></span> <span class='ocrx_word' id='word_1_240' title='bbox 531 3408 599 3461; x_wconf 86' lang='lat' dir='ltr'><strong>itoati</strong></span> <span class='ocrx_word' id='word_1_241' title='bbox 1002 3406 1014 3460; x_wconf 94' lang='grc'><strong>7</strong></span> <span class='ocrx_word' id='word_1_242' title='bbox 1032 3426 1113 3464; x_wconf 78' lang='lat' dir='ltr'><strong>canoa</strong></span> 
     </span>
     <span class='ocr_line' id='line_1_38' title="bbox 92 3471 1160 3545; baseline 0.002 -17"><span class='ocrx_word' id='word_1_243' title='bbox 92 3479 141 3530; x_wconf 81' lang='grc'><strong>787</strong></span> <span class='ocrx_word' id='word_1_244' title='bbox 160 3478 178 3528; x_wconf 84' lang='grc'><strong>77</strong></span> <span class='ocrx_word' id='word_1_245' title='bbox 197 3493 257 3529; x_wconf 79' lang='lat' dir='ltr'><strong>auus</strong></span> <span class='ocrx_word' id='word_1_246' title='bbox 275 3477 385 3545; x_wconf 85' lang='lat' dir='ltr'><strong>impetur</strong></span> <span class='ocrx_word' id='word_1_247' title='bbox 420 3477 503 3529; x_wconf 80' lang='lat' dir='ltr'><strong>hostia</strong></span> <span class='ocrx_word' id='word_1_248' title='bbox 607 3476 743 3527; x_wconf 73' lang='lat' dir='ltr'><strong>addidisse</strong></span> <span class='ocrx_word' id='word_1_249' title='bbox 760 3477 865 3528; x_wconf 78' lang='lat' dir='ltr'><strong>videtur</strong></span> <span class='ocrx_word' id='word_1_250' title='bbox 883 3471 917 3527; x_wconf 69' lang='grc' dir='ltr'><strong>λ’</strong></span> <span class='ocrx_word' id='word_1_251' title='bbox 969 3479 1018 3530; x_wconf 86' lang='grc'><strong>788</strong></span> <span class='ocrx_word' id='word_1_252' title='bbox 1035 3493 1160 3531; x_wconf 83' lang='lat' dir='ltr'><strong>vaonoar</strong></span> 
     </span>
    </p>
   </div>
   <div class='ocr_carea' id='block_1_8' title="bbox 89 3559 1159 3900">
    <p class='ocr_par' dir='ltr' id='par_1_12' title="bbox 89 3559 1159 3900">
     <span class='ocr_line' id='line_1_39' title="bbox 474 3559 1070 3613; baseline 0.002 -1"><span class='ocrx_word' id='word_1_253' title='bbox 474 3559 547 3613; x_wconf 75' lang='lat' dir='ltr'><strong>iton</strong></span> <span class='ocrx_word' id='word_1_254' title='bbox 898 3560 1036 3613; x_wconf 86' lang='lat' dir='ltr'><strong>·t·corde²</strong></span> <span class='ocrx_word' id='word_1_255' title='bbox 1068 3573 1070 3577; x_wconf 84' lang='grc'><strong>’</strong></span> 
     </span>
     <span class='ocr_line' id='line_1_40' title="bbox 90 3625 1159 3689; baseline 0.003 -9"><span class='ocrx_word' id='word_1_256' title='bbox 90 3625 238 3680; x_wconf 80' lang='lat' dir='ltr'><strong>coherceti</strong></span> <span class='ocrx_word' id='word_1_257' title='bbox 297 3644 386 3681; x_wconf 84' lang='lat' dir='ltr'><strong>aerea</strong></span> <span class='ocrx_word' id='word_1_258' title='bbox 446 3643 577 3681; x_wconf 75' lang='lat' dir='ltr'><strong>mornnra</strong></span> <span class='ocrx_word' id='word_1_259' title='bbox 637 3628 762 3680; x_wconf 80' lang='lat' dir='ltr'><strong>motuec</strong></span> <span class='ocrx_word' id='word_1_260' title='bbox 827 3631 875 3682; x_wconf 91' lang='grc'><strong>788</strong></span> <span class='ocrx_word' id='word_1_261' title='bbox 894 3631 996 3681; x_wconf 86' lang='lat' dir='ltr'><strong>amento</strong></span> <span class='ocrx_word' id='word_1_262' title='bbox 1055 3632 1082 3689; x_wconf 81' lang='lat' dir='ltr'><strong>to</strong></span> <span class='ocrx_word' id='word_1_263' title='bbox 1099 3631 1159 3683; x_wconf 65' lang='grc' dir='ltr'><strong>αἱ</strong></span> 
     </span>
     <span class='ocr_line' id='line_1_41' title="bbox 89 3693 1158 3760; baseline 0.006 -15"><span class='ocrx_word' id='word_1_264' title='bbox 89 3710 122 3746; x_wconf 82' lang='lat' dir='ltr'><strong>ar.</strong></span> <span class='ocrx_word' id='word_1_265' title='bbox 142 3693 208 3760; x_wconf 73' lang='lat' dir='ltr'><strong>2ti</strong></span> <span class='ocrx_word' id='word_1_266' title='bbox 274 3696 361 3748; x_wconf 82' lang='lat' dir='ltr'><strong>indere</strong></span> <span class='ocrx_word' id='word_1_267' title='bbox 387 3697 475 3748; x_wconf 76' lang='lat' dir='ltr'><strong>Idrias.</strong></span> <span class='ocrx_word' id='word_1_268' title='bbox 550 3698 600 3750; x_wconf 90' lang='grc'><strong>780</strong></span> <span class='ocrx_word' id='word_1_269' title='bbox 628 3695 859 3752; x_wconf 77' lang='lat' dir='ltr'><strong>retuleram·ete</strong></span> <span class='ocrx_word' id='word_1_270' title='bbox 938 3697 987 3749; x_wconf 79' lang='grc'><strong>787</strong></span> <span class='ocrx_word' id='word_1_271' title='bbox 1010 3697 1158 3751; x_wconf 80' lang='lat' dir='ltr'><strong>anno·¹tt</strong></span> 
     </span>
     <span class='ocr_line' id='line_1_42' title="bbox 89 3758 1159 3832; baseline 0.006 -18"><span class='ocrx_word' id='word_1_272' title='bbox 89 3762 309 3816; x_wconf 81' lang='lat' dir='ltr'><strong>silicet-ambos</strong></span> <span class='ocrx_word' id='word_1_273' title='bbox 327 3760 392 3816; x_wconf 74' lang='lat' dir='ltr'><strong>dii¹</strong></span> <span class='ocrx_word' id='word_1_274' title='bbox 454 3767 503 3817; x_wconf 88' lang='grc'><strong>787</strong></span> <span class='ocrx_word' id='word_1_275' title='bbox 521 3758 649 3817; x_wconf 72' lang='lat' dir='ltr'><strong>redemti</strong></span> <span class='ocrx_word' id='word_1_276' title='bbox 705 3763 810 3832; x_wconf 66' lang='lat' dir='ltr'><strong>interm</strong></span> <span class='ocrx_word' id='word_1_277' title='bbox 826 3765 863 3832; x_wconf 69' lang='lat' dir='ltr'><strong>oti</strong></span> <span class='ocrx_word' id='word_1_278' title='bbox 880 3766 906 3826; x_wconf 84' lang='lat' dir='ltr'><strong>(o</strong></span> <span class='ocrx_word' id='word_1_279' title='bbox 923 3779 958 3816; x_wconf 82' lang='lat' dir='ltr'><strong>m.</strong></span> <span class='ocrx_word' id='word_1_280' title='bbox 975 3763 1044 3829; x_wconf 74' lang='grc'><strong>2777</strong></span> <span class='ocrx_word' id='word_1_281' title='bbox 1109 3769 1159 3821; x_wconf 88' lang='grc'><strong>788</strong></span> 
     </span>
     <span class='ocr_line' id='line_1_43' title="bbox 89 3830 692 3900; baseline 0 -18"><span class='ocrx_word' id='word_1_282' title='bbox 89 3831 204 3898; x_wconf 63' lang='lat' dir='ltr'><strong>parides</strong></span> <span class='ocrx_word' id='word_1_283' title='bbox 255 3832 350 3899; x_wconf 84' lang='lat' dir='ltr'><strong>primun</strong></span> <span class='ocrx_word' id='word_1_284' title='bbox 367 3830 410 3882; x_wconf 82' lang='lat' dir='ltr'><strong>tt¹</strong></span> <span class='ocrx_word' id='word_1_285' title='bbox 469 3835 518 3886; x_wconf 82' lang='grc'><strong>887</strong></span> <span class='ocrx_word' id='word_1_286' title='bbox 536 3847 602 3900; x_wconf 86' lang='lat' dir='ltr'><strong>qnae</strong></span> <span class='ocrx_word' id='word_1_287' title='bbox 620 3846 692 3883; x_wconf 82' lang='lat' dir='ltr'><strong>mea</strong></span> 
     </span>
    </p>
   </div>
   <div class='ocr_carea' id='block_1_9' title="bbox 0 0 1350 4230">
    <p class='ocr_par' dir='ltr' id='par_1_13' title="bbox 0 0 1350 4230">
     <span class='ocr_line' id='line_1_44' title="bbox 0 0 1350 4230; baseline 0 4"><span class='ocrx_word' id='word_1_288' title='bbox 0 0 1350 4230; x_wconf 95' lang='lat' dir='ltr'><strong> </strong></span> 
     </span>
    </p>
   </div>
  </div>
 </body>
</html>
