2692 4230
117 93 179 156 156
572 102 726 159 METAMM·

114 288 175 334 non
199 275 323 337 exoratis
345 276 472 338 animam
493 273 587 335 finivit
608 272 639 334 in
665 271 733 347 aris,

114 356 205 438 inque
226 378 315 423 manu
338 361 413 425 turis
433 375 504 440 pars
525 356 732 437 inconsumpta
754 371 867 440 reperta
890 362 950 425 estl

113 443 222 506 admoti
244 447 382 525 quotiens
404 439 532 522 templis,
554 440 625 502 dum
646 449 712 501 vota
734 446 869 509 sacerdos

113 529 246 610 concipit
268 539 297 591 et
318 528 416 591 tundit
436 542 544 606 purum
566 525 644 587 inter
664 542 776 587 cornua
798 527 908 604 vinum,

114 613 192 674 haud
214 621 382 694 exspectato
405 609 576 672 oeciderunt
596 609 717 673 vnlnere
738 612 830 674 taurii

112 696 176 778 ipse
199 715 253 777 ego
276 714 357 759 sarra
379 694 440 756 lori
463 712 517 775 pro
540 712 588 757 me
610 695 762 778 patriaque
784 696 938 780 tribusque

113 799 180 843 oum
202 783 329 843 iacerem
352 779 437 852 natis,
459 780 590 859 mugitus
610 780 727 844 victima
752 779 832 841 diros

112 865 202 927 edidit
223 874 251 927 et
272 864 370 926 subito
393 863 522 946 collapsa
544 865 609 928 sine
630 865 737 929 ictibus
758 863 826 926 ullis

112 950 216 1029 exiguo
239 949 326 1010 tinxit
347 948 496 1011 subiectos
517 951 660 1031 sanguine
681 950 803 1012 cultros.

111 1034 184 1096 fibra
207 1052 326 1114 quoque
347 1051 434 1113 aegro
457 1041 542 1097 notas
564 1036 623 1097 veri
645 1035 834 1115 monitusque
855 1033 978 1097 deorum
1091 1086 1096 1094 .

110 1117 292 1199 perdiderat:
316 1118 414 1181 tristes
435 1127 592 1200 penetrant
613 1120 649 1183 ad
670 1121 781 1184 risoera
802 1118 910 1180 morbi.

110 1209 179 1263 ante
201 1221 300 1264 saeros
322 1203 380 1266 vidi
402 1204 532 1286 proiecta
554 1205 692 1268 cadavera
714 1214 823 1287 postes,

109 1295 178 1349 ante
199 1287 286 1368 ipsas,
310 1308 368 1370 quo
391 1308 472 1352 mors
493 1290 570 1353 foret
590 1291 770 1366 invidiosior,
791 1308 865 1353 aras.

110 1390 177 1451 pers
198 1372 325 1435 animam
347 1374 452 1456 laqueo
475 1376 617 1439 claudunt
638 1376 801 1457 mortisque
821 1376 957 1437 timorem

108 1468 204 1519 morte
225 1459 329 1538 fugant
350 1460 487 1541 ultroque
509 1468 615 1522 rorant
635 1460 780 1522 venientia
801 1461 868 1521 iata.

109 1558 234 1622 oorpora
256 1544 344 1606 missa
367 1545 432 1606 neoi
455 1543 545 1606 nullis
565 1544 603 1606 do
624 1562 707 1605 moro
731 1545 866 1606 seruntur

108 1627 278 1690 funeribus:
302 1646 399 1708 neque
422 1628 501 1690 enim
524 1627 678 1707 capiebant
700 1627 803 1688 funera
824 1637 936 1709 portae.

108 1721 159 1773 aut
181 1712 331 1774 inhumata
354 1719 494 1792 premunt
515 1719 617 1787 terras,
639 1720 691 1774 aut
712 1712 818 1773 dantur
839 1712 871 1773 in
898 1711 974 1774 altos

107 1796 237 1858 indotata
258 1814 356 1875 rogos.
402 1805 430 1858 et
452 1796 509 1859 iam
531 1798 693 1859 reverentia
715 1795 795 1859 nulla
818 1807 870 1871 est,

106 1880 202 1960 deque
223 1880 304 1960 rogis
324 1892 460 1962 puguant
480 1881 643 1962 alienisque
664 1881 783 1960 ignibus
807 1884 920 1943 ardent.

107 1965 158 2044 qui
180 1964 343 2040 lacriment,
366 1966 482 2042 desunt,
504 1967 722 2051 indefletaeque
739 1976 880 2046 vagantur

108 2058 243 2112 natorum
266 2059 442 2133 patrumque
462 2051 578 2114 animae
598 2051 796 2132 iuvenumque
817 2069 997 2131 senumque:

107 2152 163 2197 neo
184 2134 267 2197 loons
288 2134 319 2196 in
341 2138 481 2214 tumulos,
504 2155 560 2199 neo
580 2137 690 2198 suffieit
710 2136 797 2198 arbor
819 2136 849 2197 in
872 2136 967 2216 ignes.

107 2220 249 2283 attonitus
270 2229 353 2282 tanto
376 2221 549 2284 miserarum
572 2221 690 2283 turbine
711 2239 819 2296 rerum,

102 2297 250 2386 ‘luppiter
271 2297 318 2366 ol’
343 2306 401 2368 dixi
421 2302 459 2368 ‘si
483 2315 511 2369 te
533 2325 595 2368 non
617 2305 690 2368 salsa
711 2305 872 2387 loquuntur

104 2388 181 2451 dicta
203 2389 259 2451 sub
281 2391 434 2471 amplexus
455 2392 583 2472 Aeginae
605 2391 750 2472 Asopidos
772 2392 829 2453 isse

106 2492 161 2535 neo
184 2484 221 2549 te,
244 2493 349 2555 magne
372 2485 466 2557 pater,
489 2476 582 2538 nostri
605 2477 695 2558 pudet
716 2495 780 2538 esse
806 2485 970 2558 parentem,

103 2569 155 2621 aut
176 2558 247 2620 mihi
270 2560 359 2622 redde
380 2580 474 2637 meos,
496 2572 546 2624 aut
566 2579 615 2623 me
638 2580 756 2643 quoque
778 2561 873 2623 oonde
894 2553 1075 2640 sepulchro?

104 2642 153 2705 iile
176 2653 275 2706 notam
297 2644 412 2724 fulgore
433 2646 512 2709 dedit
534 2646 705 2727 tonitruque
726 2647 866 2708 secundo.

100 2722 238 2810 ‘accipio
260 2729 378 2811 sintque
399 2731 464 2805 ista,
487 2750 604 2813 precor,
625 2732 721 2793 felicia
743 2731 849 2792 mentis

103 2813 186 2893 signa
208 2808 282 2876 tnae'
306 2815 374 2876 diri.
415 2809 508 2897 ‘quod
530 2816 582 2878 das
602 2817 685 2889 mihi,
707 2816 848 2896 pigneror
870 2810 977 2877 omen?

103 2897 178 2960 forte
200 2899 256 2960 fuit
276 2899 355 2962 iuxta
378 2900 488 2981 patulis
509 2901 656 2963 rarissima
677 2902 765 2963 remis

102 3001 183 3046 sacra
206 2984 266 3046 lori
289 3004 416 3066 quercus
438 2986 475 3047 de
497 2986 609 3048 semine
631 2985 798 3048 Dodonaeo.

103 3067 152 3129 hio
175 3086 230 3130 nos
251 3069 409 3149 frugilegas
430 3071 616 3152 adspeximus
637 3071 754 3152 agmine
776 3070 865 3150 longo

434 3178 442 3186 ·
559 3171 571 3202 2

169 3239 220 3291 592
237 3221 327 3306 inqqtp
349 3234 366 3289 1
433 3177 584 3292 {rimisa
607 3235 623 3290 1
708 3241 758 3291 599
781 3237 909 3304 9919911111
927 3253 963 3288 ea·
979 3235 1113 3290 ammoniti
1131 3227 1176 3287 id¹²

446 3323 452 3335 .
513 3320 522 3345 ,
1120 3322 1126 3333 .

102 3391 151 3443 599
170 3338 246 3456 tingit
264 3390 393 3443 subiectos
412 3338 549 3444 1111191011
618 3393 667 3445 699
686 3389 767 3459 Quoq:
785 3392 838 3458 egri
857 3396 932 3443 notas
951 3406 1022 3442 corr.
1040 3392 1070 3440 in
1089 3320 1174 3469 {1:2qu

100 3472 161 3537 pgrp
181 3463 257 3512 notas
273 3457 314 3511 M'
382 3462 427 3513 691
449 3456 611 3527 9991199911
627 3458 669 3511 dl*
736 3462 785 3514 999
804 3455 946 3512 1911119191
1012 3460 1064 3511 619
1082 3457 1174 3509 aliems

99 3525 203 3592 ignibus
220 3523 236 3577 1
298 3530 347 3580 612
366 3533 481 3581 natarum
499 3533 658 3596 matrumque
676 3529 718 3579 uel
734 3535 849 3581 natorum
865 3532 1018 3596 patrumque
1037 3528 1071 3577 oi.
1084 3525 1174 3576 Heius.

88 3598 269 3663 natorumque
286 3595 453 3663 virumqued
505 3599 555 3650 619
574 3597 685 3649 tumulos
697 3596 828 3648 Pionudes
879 3594 978 3647 tumulo
997 3593 1072 3646 estA
1122 3594 1173 3646 616

99 3660 151 3715 isse
169 3662 217 3715 snb
234 3678 257 3716 a.
276 3663 405 3731 quondam
423 3663 559 3732 assopidos
576 3666 663 3731 egenis
681 3683 696 3721 r
748 3667 790 3727 (19
812 3684 826 3716 r
847 3664 941 3715 ultimo
966 3662 1107 3732 aspllnba
1124 3660 1173 3741 dos

95 3732 249 3796 perierunt)
331 3733 380 3785 619
399 3732 572 3813 tonitrumque
589 3729 760 3786 secuudumi
839 3734 887 3786 621
907 3727 1021 3812 desi·
1056 3731 1173 3797 pignons

98 3813 175 3934 prgnnprp
192 3794 283 3920 <1πεάῗτζιιέἐ
299 3816 358 3920 por.
376 3800 433 3853 leot
503 3816 608 3868 pignora
627 3817 719 3854 numen
737 3821 751 3853 ε
818 3803 868 3854 624
889 3800 931 3854 hro
949 3817 984 3852 ea·
1000 3815 1038 3852 sno
1057 3813 1128 3850 corr.
1146 3794 1173 3848 11
