2692 4230
144 152 249 192 ruocurs
551 139 603 205 Vll,
621 141 762 193 ara-833.

145 320 282 375 venatum
304 312 336 373 in
359 309 446 373 silvas
467 307 638 372 iuvenaliter
663 309 706 372 ire
730 309 869 372 solebam.

146 414 202 459 uec
223 415 340 459 mecum
363 393 490 455 ramulos
512 412 567 457 uec
588 413 680 476 equos
702 414 758 459 nec
779 396 899 459 naribus
920 414 1003 459 acres

146 480 189 543 ire
211 500 309 554 canes,
333 496 388 540 nec
410 477 470 538 lina
491 479 575 560 sequi
599 481 708 542 nodosa
730 480 878 543 sinebam:

145 573 226 627 tutus
248 582 326 626 eram
348 561 454 623 iaculo.
500 565 551 627 sed
573 582 640 627 cum
662 564 763 625 satiata
785 566 896 628 ierinac

144 650 262 712 dextera
284 645 381 708 caedis
403 655 475 724 erat,
495 649 664 730 repetebam
687 648 779 727 lrigus
801 659 831 711 et
851 651 970 712 umbras

145 743 173 796 et
195 750 271 814 quae
292 730 329 792 de
351 729 455 810 gelidis
476 733 591 796 exhalat
612 731 736 794 uallibus
756 751 867 794 auram.

144 835 214 879 aura
235 815 394 897 petebatur
414 818 511 880 medio
534 817 605 879 mihi
628 815 702 876 lenis
724 815 753 876 in
775 826 868 891 aestu,

144 917 245 963 auram
268 901 467 981 expectabam,
489 901 607 982 requies
629 909 691 960 erat
712 898 760 960 illa
782 899 884 962 labori.

145 986 254 1061 „aura“
279 988 430 1060 (recordor
452 986 545 1061 enim)
568 983 705 1061 „venias“
729 994 846 1046 cantare
867 984 1007 1059 solebam,

145 1086 271 1150 „meque
294 1071 376 1132 iuves
398 1071 550 1150 intresque
571 1069 664 1144 sinus,
686 1069 858 1149 gratissima,
882 1079 1010 1145 nostros,

142 1165 235 1234 utque
257 1154 338 1228 iacis,
361 1155 489 1216 relevare
511 1152 591 1229 velis,
614 1153 722 1235 quibus
739 1155 861 1229 urimur,
887 1158 1016 1218 aestus.“

142 1238 265 1300 forsitan
287 1239 446 1301 addiderim
470 1239 524 1313 (sic
545 1257 593 1301 mc
614 1257 677 1301 mea
700 1239 757 1301 iata
778 1239 947 1322 trabebant)

141 1322 296 1386 blanditias
319 1323 420 1405 plures
442 1335 471 1385 et
494 1333 547 1401 „tu
570 1324 641 1386 milri
663 1341 768 1402 magna
790 1323 956 1404 uoluptas“,

142 1408 239 1470 dicere
262 1409 317 1469 sim
340 1407 458 1481 solitus,
483 1416 534 1483 „tu
557 1426 605 1469 me
626 1408 782 1487 redcisque
803 1408 953 1488 foresque,

141 1502 173 1554 tu
196 1492 278 1567 iacis,
300 1502 334 1553 ut
355 1491 450 1565 silvas,
473 1500 507 1552 ut
527 1509 622 1553 amem
645 1489 708 1552 loca
731 1491 804 1567 sula,
827 1510 954 1574 meoque

140 1577 262 1658 spiritus
284 1575 340 1636 iste
361 1584 431 1637 tuus
452 1593 569 1658 semper
591 1584 725 1658 captatur
745 1576 781 1639 ab
804 1580 885 1639 ore.“

139 1660 263 1722 vocibus
284 1659 431 1739 ambiguis
453 1661 607 1742 deceptam
631 1660 767 1742 praebuit
788 1679 889 1724 aurem

140 1745 241 1807 nescio
265 1744 340 1823 quis,
364 1763 534 1825 nomenque
555 1764 642 1808 aurae
664 1754 724 1807 tam
745 1764 831 1828 saepe
858 1756 992 1808 vocatum

141 1847 205 1892 esse
227 1837 335 1911 putans
358 1829 515 1910 nymphae,
536 1831 693 1911 nympham
717 1848 765 1892 me
786 1831 878 1893 credit
902 1849 1008 1894 amare.

139 1913 271 1976 criminis
293 1912 440 1995 extemplo
463 1914 523 1976 dcli
545 1915 717 1977 temerarius
738 1915 826 1978 index

139 1998 263 2060 Procrin
286 1999 345 2060 adit
366 1996 528 2080 linguaque
548 1999 637 2061 refert
658 1999 755 2073 audita
776 2019 905 2063 susurra.

138 2084 257 2145 credula
279 2101 328 2146 res
349 2101 432 2144 amor
454 2091 506 2144 est.
550 2084 649 2145 subito
671 2083 809 2164 conlapsa
831 2083 943 2160 dolore,

138 2178 171 2228 ut
192 2167 248 2228 sibi
271 2177 417 2243 narratur,
439 2167 545 2228 cecidit
566 2167 715 2248 longoque
735 2169 843 2233 relecta

137 2262 270 2332 tempore
292 2270 324 2313 se
345 2251 493 2325 miseram,
516 2270 547 2314 se
569 2253 620 2315 lati
642 2253 714 2316 dixit
735 2253 830 2334 iniqui

137 2337 233 2417 dequo
255 2337 312 2398 lide
334 2348 438 2417 questa
461 2346 519 2411 est;
543 2346 572 2398 et
593 2338 717 2399 crimine
738 2339 854 2401 concita
875 2356 950 2401 vano

137 2421 216 2502 quod
240 2420 313 2482 nilril
336 2431 389 2496 est,
411 2422 524 2495 metuit,
546 2422 652 2484 metuit
673 2424 738 2483 siue
759 2441 885 2505 corpore
908 2439 1027 2496 nomen,

136 2515 167 2567 et
188 2506 267 2567 dolet
290 2506 392 2567 iulelix
414 2506 502 2567 veluti
526 2505 562 2567 de
584 2506 678 2587 pelice
700 2525 775 2569 vera.

136 2609 223 2671 saepe
245 2600 342 2652 tamen
365 2590 478 2652 dubitat
499 2600 656 2672 speratque
677 2592 839 2653 miserrima
861 2589 920 2652 lalli

136 2675 306 2756 iudicioque
328 2675 415 2736 ddem
438 2685 525 2754 negat
547 2686 586 2750 et,
609 2676 664 2737 nisi
687 2676 791 2738 viderit
813 2676 886 2758 ipsa,

136 2793 340 2802 ---·
966 2772 995 2827 ll
1046 2772 1073 2826 li

204 2846 253 2896 805
275 2842 421 2895 iuveniliter
437 2840 496 2893 eli·
559 2843 608 2895 808
626 2841 826 2910 famuli—equi
843 2840 869 2893 bl
933 2857 1117 2895 -os-osr
1168 2843 1206 2895 la·

135 2992 314 3064 muli-eqd
365 2943 475 3061 agresbl
529 2998 576 3047 883
593 2925 766 3046 lsirlelreabulms
817 2995 966 3047 solebautG
1018 2995 1203 3048 Sideributlll

135 3067 184 3116 Sil
202 3079 294 3132 meque
313 3081 347 3113 er
365 3078 449 3130 neque
467 3061 509 3112 bl²
578 3066 626 3114 816
650 3066 729 3116 saltita
748 3062 772 3114 bl
842 3067 889 3118 812
918 3063 1004 3131 plures
1025 3061 1203 3154 blandiciusl·

134 3198 226 3251 blanda
245 3198 296 3249 rol.
315 3197 340 3248 lll
394 3200 443 3250 818
462 3199 556 3249 sumet
609 3199 655 3249 sim
674 3199 761 3249 Heius.
813 3199 862 3249 820
881 3199 1034 3264 capiaturb
1087 3201 1135 3252 822
1159 3157 1202 3252 ul·

133 3265 232 3319 catull
286 3268 334 3318 823
353 3281 411 3318 esse
429 3265 593 3317 oreosell'
644 3274 750 3332 putate
802 3265 862 3316 mibi
878 3265 958 3316 credit
976 3262 1089 3318 amorii
1139 3267 1200 3319 mibi

416 3348 578 3417 lextimplo¹

133 3419 301 3470 enarraris
353 3420 401 3470 824
439 3418 555 3484 exemplo
591 3437 605 3473 ς
657 3418 753 3468 lartiC
805 3417 856 3468 listi
875 3434 946 3482 apr.
966 3433 1022 3469 cor.
1040 3418 1096 3469 lect.
1150 3421 1199 3471 825

131 3536 189 3588 alda
202 3512 262 3603 prta
274 3534 284 3586 l
297 3537 388 3603 plaua²
517 3535 527 3587 l
545 3553 570 3587 ra

132 3620 230 3657 susurra
404 3601 419 3654 λ
471 3621 603 3657 susurros
654 3607 701 3656 827
722 3604 830 3657 michirl
883 3603 1200 3703 sibiller'ueu283ltme·

132 3740 217 3829 tuitp.
235 3737 396 3856 (eadblb
428 3739 636 3807 Sdbmetuitque
654 3738 664 3792 l
682 3747 846 3807 speratques
900 3741 949 3793 833
967 3671 1109 3807 llllldlrlqi
1161 3742 1238 3793 lua

390 3822 396 3855 1

129 3825 212 3942 drrlq:
232 3873 255 3924 ll
309 3873 450 3941 iuditioque
468 3895 480 3924 ε

949 3962 1003 3994 ΧΗ
