2692 4230
142 106 182 164 72
602 115 755 173 hilil'hllll.
935 128 1053 167 nummus
1070 130 1103 167 nr
1120 129 1210 166 rursus

137 273 284 363 ‘placatus
304 279 450 369 mitisque'
474 297 577 366 rogant
600 285 760 346 Ismenides
778 283 888 362 ‘adsis'⁹

141 366 279 464 iussaque
300 391 381 436 sacra
403 371 516 434 colunt.
557 368 637 429 solae
657 368 847 447 llinyetdes
838 385 919 436 nutus

140 452 344 536 intempestiva
365 458 520 519 turbantes
540 453 613 513 festa
634 451 762 514 llinerva

139 550 192 600 aut
213 541 325 603 duount
346 541 439 614 lanas,
461 545 512 599 aut
532 535 656 598 stamina
678 536 785 616 pollice
807 552 932 615 versant,

139 633 190 685 aut
211 626 332 687 haerent
354 625 429 687 telae
450 621 632 699 famulasque
652 620 802 681 laboribus
823 638 958 703 urguent.

140 709 286 789 equibus
308 728 365 771 una
387 706 444 767 levi
466 705 614 767 deducens
635 702 742 784 pollice
764 703 845 766 lilum

135 784 219 855 ‘dum
241 804 358 855 cessant
378 791 453 852 aliae
473 798 698 869 commentaque
718 807 798 849 saona
820 790 1016 896 frequentant,

139 896 194 938 uos
216 895 344 959 quoque,
366 892 440 955 quas
460 872 565 947 Pallas,
587 873 775 946 meliorum,
796 870 928 951 detinet,
950 879 1048 961 inquit
1129 879 1131 883 ’

135 954 220 1022 ‘utile
242 979 318 1056 opus
339 976 482 1020 manuum
503 959 583 1019 vario
605 977 741 1021 sermone
763 958 892 1019 levemus

137 1064 249 1141 perque
270 1044 348 1104 vices
368 1042 488 1124 aliquid,
512 1044 591 1124 quod
613 1053 744 1126 tempora
765 1043 853 1123 longa
873 1042 964 1105 videri

137 1148 199 1190 non
219 1129 307 1200 sinat,
328 1128 359 1189 in
382 1128 512 1190 medium
533 1147 638 1192 vacuas
658 1130 817 1192 reseramus
837 1128 873 1190 ad
895 1125 1000 1190 aures.

136 1213 212 1273 dicta
234 1212 362 1293 probant
383 1212 567 1295 primamque
588 1214 692 1277 iubent
711 1233 829 1276 narrare
850 1231 977 1274 sorores.

135 1295 195 1370 illa,
219 1296 289 1377 quid
311 1315 328 1357 e
349 1297 451 1360 multis
471 1299 580 1361 referat
600 1301 680 1377 (nam
701 1299 829 1380 plurima
850 1305 947 1374 norat)

136 1381 246 1460 cogitat
266 1390 296 1444 et
315 1383 404 1446 dubia
426 1394 480 1458 est,
496 1385 539 1446 ‹le
558 1393 598 1460 te,
619 1383 787 1464 Babylonia,
811 1394 919 1459 narret,

135 1464 261 1540 berceti,
283 1487 371 1549 qnam
392 1488 474 1531 versa
495 1469 624 1549 squamis
644 1468 805 1531 volantibus
824 1479 906 1531 artus

134 1559 235 1631 stagna
258 1553 413 1616 Palaestini
435 1555 561 1615 medunt
580 1562 706 1614 motasse
727 1557 830 1632 ligura,

133 1655 172 1697 an
193 1638 296 1716 magis,
319 1647 352 1699 ut
372 1637 498 1718 sumptis
520 1636 598 1698 illius
618 1636 678 1697 ntia
698 1637 806 1717 pennis

134 1732 280 1783 extremos
300 1722 376 1784 albis
396 1722 428 1782 in
450 1719 581 1782 turribus
602 1718 696 1797 egerit
715 1739 821 1794 annos,

134 1806 198 1867 nais
219 1825 255 1867 an
280 1817 313 1866 ut
333 1818 422 1866 cautu
445 1803 627 1883 nimiumque
649 1804 818 1884 potentibus
840 1804 939 1866 herbis

133 1891 252 1969 verterit
273 1890 303 1951 in
327 1889 431 1951 tacitos
452 1888 595 1949 iuvenalia
617 1905 741 1968 corpora
763 1889 867 1970 pisces,

133 1974 228 2035 donec
249 1974 327 2034 idem
350 1993 435 2055 passa
457 1982 511 2047 est,
532 1992 581 2048 an,
602 1991 677 2052 quae
698 1991 785 2053 poma
806 1973 871 2034 alba
893 1971 1014 2048 ferebat,

133 2069 166 2119 ut
189 2077 269 2120 nunc
291 2059 375 2138 nigra
397 2058 473 2120 ierat
495 2068 632 2120 contactu
655 2057 806 2137 sanguinis
826 2058 922 2120 arbor.

132 2142 190 2204 hoo
212 2143 317 2224 placet,
341 2145 427 2218 hanc,
449 2144 589 2225 qnoniam
612 2141 737 2222 vulgaris
758 2142 854 2204 tabula
877 2161 938 2204 non
960 2152 1014 2217 est,

132 2227 239 2289 talibus
260 2248 326 2290 orsa
347 2229 453 2303 modis,
474 2227 540 2290 lana
561 2247 614 2289 sua
635 2227 682 2288 iila
704 2239 854 2310 sequente.

128 2305 282 2391 ‘Pyramus
305 2323 333 2375 et
354 2312 474 2386 Thisbe,
496 2313 634 2374 iuvenum
656 2311 870 2393 pulcherrimus
891 2313 973 2387 alter,

131 2396 229 2471 altera,
253 2417 325 2477 quas
347 2397 448 2458 oriens
468 2397 580 2472 habuit,
601 2396 729 2478 praelata
751 2396 866 2476 puellis,

133 2482 286 2561 contiguas
309 2494 431 2543 tenuere
452 2482 567 2555 domos,
589 2481 640 2542 ubi
662 2481 768 2543 dicitur
789 2481 875 2543 altam

132 2566 288 2627 coctilibus
308 2567 402 2629 muris
423 2566 550 2628 cinxisse
571 2564 740 2628 Semiramis
759 2567 871 2628 urbem.

131 2651 265 2713 notitiam
287 2651 459 2733 primosque
478 2651 588 2731 gradus
607 2650 713 2712 vicinia
735 2651 818 2713 iecit:

130 2745 264 2817 tempore
286 2736 375 2798 crevit
396 2755 488 2798 amor.
532 2736 631 2797 taedae
652 2755 770 2817 quoque
791 2737 855 2798 iure
877 2736 1022 2797 coissentz

131 2821 183 2882 sed
205 2831 322 2883 vetuere
344 2833 452 2903 patres.
496 2822 575 2900 quod
599 2838 658 2883 non
681 2831 803 2900 potuere
823 2831 930 2895 vetare,

130 2924 166 2967 ex
187 2924 281 2987 aequo
304 2906 397 2988 captis
413 2904 555 2968 ardebant
574 2905 723 2967 mentibus
743 2905 838 2967 ambo.

130 2991 269 3053 conscius
291 2991 387 3053 omnis
408 2991 507 3053 abest:
530 2993 604 3053 nutu
626 2989 777 3071 signisque
797 2990 968 3072 loquuntur,

129 3094 250 3156 qnoque
270 3076 364 3155 magis
384 3077 503 3156 tegitur,
525 3084 619 3136 tectus
639 3075 733 3155 magis
753 3085 864 3137 aestuat
885 3074 971 3153 ignis

198 3245 238 3295 31
248 3244 289 3297 ³2.
307 3242 435 3311 minyides
452 3240 478 3293 tt
495 3243 535 3307 (tn
547 3257 634 3307 meg.
644 3240 695 3294 31:
712 3241 870 3306 ismenicles‚
889 3241 953 3294 322⁵.
965 3256 1000 3293 m.
1017 3239 1198 3308 lmindeides)

130 3380 163 3431 32
181 3374 346 3429 minicidesi
393 3381 426 3430 34
443 3375 572 3429 adducunt
589 3375 615 3428 li
661 3309 907 3430 atlrllieulllerllrlma
957 3382 989 3430 tt
1009 3378 1078 3430 siuet
1093 3375 1119 3429 ll
1163 3381 1197 3431 44

126 3446 359 3634 {indifficilem
376 3509 410 3563 λ’
461 3516 495 3566 lb
513 3511 582 3565 dirce
596 3453 706 3566 lirani
756 3517 789 3567 46
806 3513 887 3565 sicli
914 3518 940 3563 et
956 3530 992 3564 σω
1008 3516 1078 3565 coni.
1096 3513 1199 3565 Merkel

127 3654 271 3701 mutasses
305 3645 462 3701 inbilassei
496 3646 591 3714 ligura}
611 3646 637 3699 hl
687 3652 721 3703 ts
738 3649 830 3706 altisr
880 3646 991 3702 bbrioi
1025 3649 1153 3703 iuvenalia
1170 3647 1197 3700 ll

127 3716 282 3808 iuveniliar
345 3718 378 3770 53
396 3717 460 3769 baec
477 3715 597 3783 qnoniam
613 3714 640 3768 bl
684 3716 733 3770 hoc
749 3734 811 3786 q·r
852 3717 917 3770 hene
934 3718 1023 3771 natm.
1061 3720 1117 3771 25¹1
1137 3732 1197 3770 oon·

128 3852 213 3917 liguas
229 3855 257 3918 (g
273 3868 309 3902 σω
325 3849 365 3918 e')
382 3850 408 3903 li
460 3788 594 3905 aonlnllu
611 3850 721 3905 habuere
739 3869 753 3902 a
802 3855 835 3906 62
853 3853 954 3921 ωρξιίε
970 3853 990 3919 (i
1007 3859 1087 3921 was.)
1102 3852 1145 3920 bl,
