2692 4230
139 196 229 237 raons.
257 198 330 239 omns
365 223 368 232 .
573 181 629 249 xi,
645 185 791 240 tto-bot.

139 366 190 418 aut
211 373 265 418 sua
286 353 427 417 lluminea
449 369 517 414 oum
538 353 611 416 vidit
632 352 753 454 Cipus
744 375 790 426 ιιι
800 353 877 418 unda

141 459 264 502 cornua.
309 437 380 500 ridit
402 436 492 511 enim,
514 439 706 522 lalsnmque
698 459 730 502 tn
753 440 884 521 imagine
905 439 1029 501 credens

134 544 206 588 esse
228 525 327 598 fldem,
350 519 450 618 digitis
471 523 508 586 ad
529 525 659 588 frontem
681 543 770 606 saepe
791 525 893 589 relatis

141 628 217 708 quae
238 610 321 682 vidit,
344 605 449 686 tetigit.
494 627 550 672 neo
571 610 633 672 iarn
653 628 706 672 sua
728 610 840 672 lumina
862 611 1005 673 damnans

140 693 258 770 restitit,
282 700 314 754 ut
336 690 430 754 tiator
450 695 564 756 domito
586 694 720 756 veniebat
742 694 779 755 ab
801 695 896 769 hoste,

139 781 175 842 ad
197 778 374 880 caelumque
395 779 500 841 ιιιιοι
522 788 553 841 ιι
574 779 676 840 eodem
699 777 835 840 braoobia
863 779 970 841 tollens

136 854 314 946 quioquid,
336 861 378 924 ait
395 855 520 943 ‘superi
542 870 677 924 monstro
701 862 887 942 portenditur
909 864 977 937 isto,

136 967 190 1010 seu
214 946 323 1008 laetum
346 956 401 1022 est,
424 946 536 1048 patriae
557 946 667 1008 laetum
689 945 862 1027 populoque
884 945 1009 1022 Quirini
1049 949 1052 955 '

139 1033 200 1094 sive
222 1031 332 1107 minax,
353 993 427 1093 milti
449 1023 507 1093 sit'.
551 1030 696 1112 viridique
718 1050 734 1092 e
755 1033 886 1114 caespite
908 1034 998 1094 laetas

138 1116 235 1214 planat
258 1116 387 1179 odoratis
409 1115 551 1179 herbosas
572 1116 693 1197 ignibus
713 1134 779 1178 aras

137 1201 264 1283 vinaque
287 1201 336 1263 dat
357 1200 468 1280 pateris
489 1213 742 1282 mactatarumque
762 1201 927 1273 bidentum,

139 1286 210 1368 quid
232 1285 288 1347 sibi
312 1284 491 1364 significent,
513 1287 689 1369 trepidantia
710 1285 841 1349 consulit
863 1297 937 1348 exta.

137 1390 215 1452 quae
237 1369 327 1432 simul
349 1371 676 1452 adspexit'l'yrrhonae
697 1371 796 1451 gentis
818 1371 975 1452 haruspex,

137 1473 245 1534 magna
268 1455 387 1536 quidem
411 1473 512 1518 rerum
534 1455 686 1518 molimina
707 1456 780 1517 vidit
800 1455 830 1517 in
854 1455 922 1529 illis,

138 1558 199 1603 non
222 1540 378 1603 manifesta
400 1548 510 1601 tamen.
555 1559 624 1602 oum
645 1558 714 1602 vero
738 1539 859 1602 sustulit
879 1558 947 1601 aere

137 1645 153 1688 a
176 1625 312 1728 pecudis
322 1624 405 1687 dbris
426 1625 463 1686 ad
486 1624 552 1707 Cipi
574 1645 687 1688 eornua
709 1624 864 1701 lumen,

133 1704 220 1784 ‘‚rerd
242 1709 283 1772 ιιι
303 1700 452 1771 ‘osalrel
476 1710 531 1773 tibi
554 1710 645 1787 enim,
667 1710 731 1784 tibi,
753 1708 837 1792 cipe,
858 1709 977 1790 tuisque

135 1795 186 1857 hio
207 1755 292 1856 loeus
315 1803 345 1856 ιι
366 1793 467 1857 Latiae
488 1796 637 1877 parebunt
658 1795 800 1858 cornibus
821 1813 914 1858 arses.

136 1889 169 1942 tu
191 1879 280 1941 modo
303 1897 411 1962 rumpe
432 1897 531 1943 moras
553 1891 712 1962 portasque
734 1881 848 1943 intrare
869 1890 1005 1960 patentes

136 1964 319 2047 adproperal
342 1965 386 2027 sio
408 1965 465 2027 lata
487 1965 610 2028 iubent.
648 1984 776 2046 namque
799 1965 875 2027 urbe
895 1975 1034 2047 receptus

136 2069 188 2112 rex
210 2050 270 2111 oris
292 2060 323 2110 et
344 2059 463 2131 seeptro
486 2058 568 2112 tutus
590 2051 705 2131 potiare
726 2044 874 2130 perenni'.

135 2133 251 2196 rettulit
271 2133 322 2195 illo
343 2135 450 2239 pedem
473 2143 646 2216 torvamque
667 2153 684 2197 a
706 2134 864 2196 moenibus
886 2133 968 2197 urbis

135 2228 272 2281 avertens
293 2219 400 2280 laniem
419 2213 550 2300 ‘procul‚
572 2221 604 2282 al
627 2219 733 2318 procul
755 2215 864 2282 omnia'
888 2220 962 2282 dixit

132 2296 214 2366 ‘talia
237 2302 267 2365 di
290 2303 421 2385 pellantl
444 2305 599 2386 multoque
621 2324 676 2385 ego
699 2305 807 2368 iustius
827 2323 930 2367 aerum

135 2389 204 2451 exul
226 2406 324 2468 agam,
347 2407 434 2469 quam
457 2408 506 2452 me
527 2391 646 2452 rideant
667 2389 810 2470 Capitolia
831 2385 951 2469 regem?

134 2473 208 2536 dixit
229 2482 258 2535 et
280 2474 429 2554 extemplo
453 2475 659 2555 populumque
680 2492 857 2555 gravemque
879 2486 1014 2537 senatum

135 2567 289 2620 contonat.
334 2567 403 2620 ante
426 2569 523 2621 tamen
547 2560 641 2640 parali
663 2578 775 2621 oornua
797 2558 882 2621 lauro

135 2644 220 2706 relat
266 2654 295 2705 et
316 2643 476 2723 aggeribus
497 2644 582 2706 lactis
603 2662 620 2706 a
643 2644 735 2706 milite
756 2643 826 2706 lorti

135 2729 248 2791 insistit
269 2728 447 2832 priscosque
467 2730 540 2791 deos
562 2748 579 2790 e
601 2747 684 2791 more
687 2738 846 2826 precatus

131 2806 199 2875 ‘'est
222 2813 264 2876 ait
282 2806 346 2875 ‘bia
367 2831 456 2888 unus,
480 2832 568 2911 quem
591 2833 643 2876 ros
664 2814 721 2876 nisi
743 2814 853 2895 pellitis
874 2813 958 2887 urbe,

134 2899 273 2960 rexerit.
319 2899 344 2960 is
367 2899 417 2978 qui
440 2899 694 2978 sit‚signo‚non
718 2899 971 2961 nominedioamt

134 3001 246 3045 cornua
270 2983 369 3045 lronte
391 2983 478 3061 gerit
523 3003 612 3064 quem
634 2984 718 3046 robis
740 2985 851 3046 indicat
869 3002 975 3063 augur,

133 3068 159 3128 si
182 3067 307 3129 Romam
330 3068 457 3142 intrarit,
480 3068 634 3131 lamularia
656 3070 718 3130 iura
741 3070 890 3131 daturum.

133 3153 184 3214 ille
206 3153 324 3233 quidem
348 3154 448 3234 potuit
470 3163 570 3234 portas
591 3154 757 3236 irrumpere
777 3164 910 3235 apertas:

133 3237 185 3299 sod
208 3256 264 3299 nos
287 3237 465 3312 obstitimus,
489 3240 622 3320 quamvis
644 3239 833 3302 ooniunotior
854 3238 905 3300 illo

133 3341 221 3384 nemo
243 3322 316 3384 mibi
339 3333 393 3384 est.
438 3342 490 3384 ros
510 3325 586 3386 urbe
608 3326 701 3387 sirum
725 3324 890 3405 prohibete,
914 3323 1052 3397 Quirites,

133 3407 189 3482 rel,
211 3407 236 3469 si
258 3408 368 3488 dignus
391 3409 455 3482 erit,
478 3410 617 3489 gravibus
638 3410 745 3472 rinoite
767 3410 889 3482 eatenis,

131 3501 184 3555 aut
204 3492 288 3554 llnite
309 3502 423 3555 metum
446 3493 544 3557 latalis
564 3505 661 3558 morte
682 3489 824 3576 tyranni?

200 3662 251 3712 tub
274 3658 367 3726 cippus
390 3679 405 3716 r
427 3663 480 3722 (sir
500 3666 616 3741 semper)
685 3664 736 3715 669
759 3663 829 3724 ren]
852 3639 983 3713 remeabat
1004 3661 1091 3712 lirim.
1160 3661 1210 3710 5ιο

131 3727 409 3791 braeobia100rauar
467 3732 516 3782 stt
535 3731 591 3781 sire
609 3729 684 3783 estb
742 3732 791 3783 bib
811 3729 1037 3796 mactarumquelt
1092 3730 1142 3781 586
1160 3740 1211 3793 que

128 3794 217 3847 ortt.b
268 3798 319 3847 bdi
339 3795 607 3863 ιιιοιιιιιιιιιοιιιιιι
659 3800 708 3852 stt
728 3797 857 3865 plaoalib
916 3801 965 3851 596
984 3797 1089 3850 nobiae
1141 3798 1209 3859 sup]

131 3868 221 3915 ιιιιοι
237 3864 372 3915 marian.
434 3867 482 3916 sot
502 3865 603 3917 intrarit
622 3881 672 3918 om.
690 3865 721 3930 b,
738 3865 847 3917 addidit
863 3866 1007 3917 scholiasta
1067 3867 1117 3918 595
1135 3877 1211 3931 appt-

131 3935 171 3982 tas
189 3931 205 3982 ιι
258 3934 310 3985 600
328 3933 411 3984 rtrum
431 3932 493 3984 urbe
511 3933 528 3985 ιι
581 3936 631 3987 602
649 3949 748 3987 mecum
767 3934 785 3986 ι.
803 3933 914 3986 maneb
