2692 4230
108 127 169 194 176
360 190 363 196 ,
566 135 718 191 metult

105 306 158 370 sed
179 307 245 370 sine
265 309 398 385 νιιΙιιοοο,
417 322 505 389 aper3
527 305 639 367 imnum
658 304 750 367 lliana
774 307 882 371 volanti

105 391 266 457 abstulerat
286 394 397 457 iaculo:
419 391 533 471 lignum
553 386 619 449 sine
639 389 774 453 acumine
794 393 882 455 venit

106 476 149 540 ira
170 478 225 540 leri
248 487 327 541 mota
349 485 402 551 est,
424 489 481 535 nec
501 469 624 533 fulmine
644 469 741 536 lenius
759 476 847 539 arsit:

106 562 213 625 emicat
234 581 270 624 ex
292 560 395 633 oculis,
416 557 508 638 spirat
528 573 648 638 quoque
668 564 790 638 pectore
809 560 932 623 damma.

107 656 198 729 utque
219 647 297 708 volat
316 641 409 704 moles
428 641 553 702 adducto
575 640 690 704 concita
711 658 812 718 nerro,

107 749 176 793 cum
197 730 271 812 petit
290 738 341 789 aut
361 742 462 787 muros
482 733 533 787 aut
554 724 657 807 plenas
678 724 770 787 milite
789 733 895 805 turres,

106 813 138 877 iu
159 815 280 877 iuvenes
302 819 381 873 certo
404 809 448 870 sic
468 809 576 890 impete
596 809 752 874 vulnillcus
772 827 823 872 sus

106 899 200 961 fertur
221 906 251 958 et
272 892 450 975 Hippalmon
472 893 687 977 Pelagonaque,
708 895 808 958 dextra
829 903 944 960 tuentes

107 999 231 1054 cornua,
253 977 423 1059 prosternit
466 979 539 1042 socii
561 997 686 1062 rapuere
708 979 845 1042 iacentes.

107 1075 137 1129 at
158 1082 219 1126 non
241 1062 372 1124 letiferos
393 1062 496 1143 effugit
516 1065 690 1129 Enaesimus
711 1064 788 1127 ictus

107 1149 316 1230 Hippocoonte
337 1155 427 1210 satus
470 1149 665 1231 trepidantem
686 1159 717 1213 et
736 1159 817 1231 terga
838 1157 989 1230 parantem

105 1240 219 1293 vertere
240 1231 355 1295 succiso
378 1231 526 1314 liquerunt
548 1233 662 1317 poplite
683 1235 773 1297 nervi

107 1315 229 1379 forsitan
252 1328 282 1379 et
302 1316 402 1398 Pylius
422 1318 494 1381 citra
515 1317 643 1381 Troiana
664 1319 788 1400 perisset

107 1409 256 1483 tempora:
279 1402 329 1464 sed
350 1412 468 1484 sumpto
489 1403 585 1484 posita
606 1403 760 1466 conamine
781 1404 818 1466 ab
840 1404 919 1466 basta

107 1484 221 1548 arboris
243 1486 365 1562 insiluit,
386 1505 462 1568 quae
483 1486 577 1550 stabat
598 1487 741 1568 proxima,
761 1487 850 1551 ramis

107 1569 308 1652 despexitque,
330 1571 396 1633 loco
418 1579 509 1644 tutus,
532 1587 620 1651 quem
642 1569 757 1649 ingerat
779 1571 901 1634 bostem.

106 1655 246 1717 dentibus
267 1654 317 1717 ille
337 1655 421 1716 leros
441 1655 472 1715 in
494 1671 609 1733 querno
631 1653 731 1734 stipite
750 1654 828 1716 tritis

108 1739 234 1802 inminet
255 1738 353 1814 exitio,
375 1739 527 1819 fidensque
547 1737 718 1801 recentibus
738 1738 827 1800 armis

108 1822 267 1904 Eurytidae
287 1822 387 1903 magni
408 1831 504 1885 rostro
526 1824 624 1886 lemur
645 1823 742 1886 bausit
761 1823 886 1887 adunco.

107 1917 138 1969 at
160 1906 281 1987 gemini,
303 1909 435 1970 nondum
457 1906 591 1970 caelestia
613 1907 718 1982 sidera,
740 1908 853 1982 iratres,

107 1991 194 2052 ambo
217 1993 380 2073 conspicui,
403 1992 469 2053 nire
490 1991 708 2054 candidioribus
733 1991 819 2054 ambo

107 2075 298 2139 sectabantur
320 2076 414 2158 equis,
435 2076 520 2138 ambo
542 2075 728 2161 vibrataper
748 2094 833 2138 auras

106 2161 256 2223 bustarum
278 2161 403 2223 tremulo
426 2160 596 2241 quatiebant
615 2159 729 2243 apicula
749 2170 842 2223 motu.

108 2245 229 2308 vulnera
252 2246 400 2321 iecissent,
421 2245 477 2307 nisi
499 2246 623 2325 saetiger
644 2244 721 2308 inter
742 2263 857 2328 opacas,

108 2348 163 2392 nec
185 2329 288 2392 iaculis
309 2331 379 2392 isset
401 2348 456 2392 nec
477 2348 554 2411 equo
576 2329 641 2392 loca
662 2330 770 2412 pertin,
791 2329 886 2393 silvas.

108 2414 296 2496 persequitur
317 2413 456 2476 Telamon
479 2414 636 2495 studioque
657 2414 793 2477 incautus
814 2415 900 2477 eundi

108 2517 222 2580 pronus
244 2497 280 2560 ab
302 2499 423 2561 arborea
444 2499 549 2562 cecidit
569 2499 667 2562 radice
689 2509 830 2562 retentus.

107 2584 179 2646 dum
201 2582 277 2645 levat
297 2584 377 2646 buno
399 2583 512 2658 Peleus,
533 2582 660 2646 celerem
680 2583 811 2664 'l'egeaea
832 2586 963 2665 sagittam

109 2668 241 2749 inposuit
264 2686 353 2731 nervo
375 2667 549 2750 sinuatoque
570 2668 683 2749 expulit
703 2686 782 2731 arcu.

109 2753 165 2815 dra
187 2751 241 2814 sub
264 2771 334 2815 aure
357 2753 411 2814 leri
433 2770 580 2815 summum
601 2753 754 2815 destrinxit
775 2752 906 2815 harundo

108 2855 218 2918 corpus
240 2846 270 2899 et
292 2839 397 2918 exiguo
419 2837 562 2900 rubefecit
582 2837 726 2918 sanguine
746 2845 849 2900 saetas.

109 2939 165 2984 nec
188 2930 284 2984 tamen
307 2922 356 2984 illa
377 2922 423 2984 sui
445 2940 583 2984 successu
604 2921 708 2985 laetior
730 2921 814 2996 ictus,

110 3023 198 3088 quam
219 3005 383 3087 Meleagros
404 3015 474 3070 erat
517 3006 632 3088 primus
652 3007 758 3069 vidisse
778 3015 898 3088 putatur
954 3056 960 3067 .

109 3100 139 3154 et
156 3091 274 3195 pomus
295 3091 384 3154 sociis
404 3092 498 3153 usum
520 3091 684 3155 ostendisse
705 3109 840 3153 cruorem

108 3185 138 3238 et
170 3171 316 3238 meritum’
341 3176 447 3238 dixisse
465 3168 555 3238 ‘teres
575 3170 868 3239 virtutisbonorem?

109 3260 255 3324 enrbuere
276 3260 330 3323 riri
351 3278 442 3341 seque
463 3260 655 3324 exhortantur
676 3269 706 3323 et
725 3260 836 3322 addunt

109 3363 177 3408 curn
199 3343 326 3407 clamore
348 3345 461 3407 animos
483 3344 652 3426 iaciuntque
674 3344 739 3407 sine
760 3344 861 3407 ordine
885 3344 948 3406 tela.

177 3498 227 3551 bbb
246 3496 393 3552 flammans
460 3497 508 3548 ast
532 3494 644 3548 abducto
661 3493 687 3546 ll
755 3496 805 3548 ³59
829 3500 901 3548 vasto
923 3510 959 3545 aa
975 3493 1032 3545 cod.
1049 3491 1172 3544 beideaai

108 3563 249 3616 Burmann
317 3566 367 3617 ³60
384 3561 575 3632 bypalemonbl
627 3561 795 3631 palemone
845 3556 1023 3630 ippslarnonl
1070 3556 1172 3626 llippal·

110 3631 351 3684 monconi.1liese
416 3634 466 3684 ³62
490 3630 612 3684 enisirnus
719 3632 769 3682 ³69
793 3630 910 3686 tristior
976 3631 1023 3681 dil
1043 3626 1170 3680 oritbilt

109 3697 248 3780 Eurytidae
266 3697 464 3752 ooni.llerlsei²
514 3697 649 3751 Actoridae
663 3697 755 3762 Glorig
806 3694 1079 3775 Ornytidaedlerltell
1118 3644 1171 3747 bil

110 3764 223 3833 genstil
275 3770 324 3821 ata
342 3766 528 3820 candidioribus
544 3764 646 3819 alball
700 3767 747 3818 d‘l'l
766 3764 888 3818 essenti}
948 3766 996 3817 ³¹19
1014 3768 1129 3831 protinus
1145 3758 1172 3812 bl

110 3837 160 3888 380
179 3833 295 3902 tegeabl
365 3837 414 3888 382
432 3834 477 3888 ieri
495 3833 577 3887 estbl
647 3832 774 3887 distrinxit
792 3835 821 3884 in
839 3831 863 3884 ll
884 3849 937 3884 ecoe
954 3835 1027 3884 testie
1043 3835 1081 3882 est
1098 3828 1172 3881 Ilisos

111 3904 160 3957 385
178 3900 339 3970 bleleagerl
389 3901 569 3970 blelengrnsll
