2692 4230
131 177 233 216 scama
263 176 379 217 canam
558 158 620 226 lllll,
637 161 780 214 dul-lto.

216 335 352 398 Proxima
374 334 539 396 Phaeacum
561 331 697 395 lelioibus
718 330 811 394 obsita
834 329 930 414 pomis

130 417 916 585 ddtttndttttlrltt‘tttttttll.

132 591 201 653 inde
223 591 389 653 futurorum
413 586 496 664 certi,
518 608 593 671 quae
614 598 721 651 cuncta
743 587 820 651 tldeli

131 674 292 737 Priamides
314 671 447 735 Helenus
469 675 584 736 monitu
605 673 798 755 pmedixerat,
821 673 934 735 intrant

133 759 288 822 Sicaniam.
334 756 428 819 tribus
449 760 522 821 haec
544 757 673 820 excurrit
695 757 726 817 in
749 774 877 835 aequora
900 755 1010 837 pinnis.

132 843 279 989 ladit}
296 841 468 1008 illitu
483 839 816 1008 ilaliirillllll
834 839 872 986 {i
892 849 1018 984 :litt

131 1011 269 1090 aequoris
292 1025 427 1094 expertes
447 1019 561 1092 spectat
581 1009 762 1090 boreamque
783 1008 915 1070 Peloros.

131 1097 188 1157 hac
208 1096 338 1160 subeunt
360 1094 478 1169 Teucri,
501 1103 531 1158 at
550 1095 642 1156 remis
663 1105 807 1175 aestuque
829 1093 958 1155 secundo

131 1179 187 1242 sub
210 1192 327 1244 noctem
350 1180 465 1264 potitur
486 1179 627 1243 Zanclaea
648 1179 750 1241 classis
773 1181 892 1242 harena.

132 1263 229 1344 Scylla
250 1265 326 1329 latus
347 1266 495 1342 dextrum,
517 1266 631 1328 laevum
652 1264 817 1345 inrequieta
838 1261 1000 1344 Charybdis

130 1349 259 1412 iulestat.
302 1359 385 1412 vorat
406 1351 479 1413 haec
500 1360 601 1432 raptas
621 1351 804 1429 revomitque
825 1349 949 1422 carinas,

129 1434 180 1496 illa
202 1435 273 1497 ieris
295 1445 389 1497 atram
410 1434 534 1496 canibus
555 1434 739 1514 succingitur
759 1433 868 1509 alvum,

130 1519 253 1599 virginis
276 1538 326 1581 ora
348 1536 466 1597 gerens,
488 1526 528 1592 et,
549 1520 575 1581 si
599 1538 660 1581 non
682 1519 782 1580 omnia
802 1528 883 1580 rates

129 1605 197 1666 licta
219 1603 414 1684 reliquerunt.
436 1603 536 1684 aliquo
558 1622 678 1686 quoque
698 1615 833 1684 tempore
854 1603 948 1681 virgo.

128 1690 207 1750 hano
228 1688 314 1750 multi
336 1688 448 1770 petiere
470 1689 564 1770 proci.
608 1690 717 1772 quibus
738 1689 787 1750 illa
809 1686 938 1769 repulsis

129 1774 165 1835 ad
188 1771 283 1854 pelagi
307 1774 462 1855 nymphas,
485 1774 580 1855 pelagi
602 1775 766 1853 gratissima
790 1772 938 1854 nymphis,

129 1857 191 1919 ibat
211 1867 241 1919 et
261 1856 360 1920 elusos
382 1859 522 1921 iuvenum
545 1859 680 1921 narrabat
703 1876 828 1921 amores

130 1942 178 2004 oui
200 1942 271 2004 dum
293 1944 456 2024 pectendos
477 1943 600 2026 praebet
621 1944 737 2006 Galatea
759 1943 892 2025 capillos,

129 2027 239 2089 talibus
258 2027 439 2109 adloquitur,
461 2037 601 2110 repetens
622 2029 758 2110 suspiria,
780 2029 884 2090 dictis:
943 2055 948 2071 ¹

126 2106 170 2173 ‘te
192 2121 302 2188 tamen,
325 2131 344 2174 o
365 2113 459 2192 virgo,
482 2132 577 2193 genus
597 2114 675 2176 haud
697 2113 799 2175 inmite
821 2114 951 2174 virorum

130 2198 250 2278 expetit,
272 2207 364 2279 utque
386 2199 469 2273 lacis,
490 2206 578 2280 potes
598 2200 645 2262 his
667 2200 781 2280 inpune
802 2216 920 2278 negare.

129 2282 263 2358 mmihi,
285 2284 333 2345 cui
356 2293 440 2365 pater
462 2292 508 2346 est
528 2283 652 2358 Nereus,
675 2303 763 2365 quam
785 2282 902 2345 caerula
924 2279 1010 2342 lloris

129 2367 213 2429 enixa
236 2379 290 2443 est,
313 2387 389 2449 quae
410 2387 477 2431 sum
497 2369 584 2431 turba
607 2389 726 2451 quoque
747 2378 809 2432 tuta
831 2384 977 2440 sororum,

130 2469 191 2513 non
215 2453 273 2514 nisi
295 2472 349 2534 per
371 2453 469 2516 luctus
490 2454 575 2517 licuit
595 2454 733 2536 Cyclopis
754 2470 884 2517 amorem

130 2532 293 2617 effugere':
316 2548 346 2600 et
367 2538 505 2602 lacrimae
526 2557 628 2602 rocem
651 2539 803 2621 inpediere
824 2535 983 2618 loquentis.

129 2641 202 2703 quas
224 2621 275 2684 ubi
296 2641 464 2686 marmoreo
486 2624 607 2686 detersit
628 2626 736 2706 pollice
756 2625 839 2703 virgo

129 2716 159 2768 et
180 2706 273 2768 solata
295 2708 378 2770 deam
400 2718 456 2784 est,
476 2703 577 2783 ‘roien
600 2728 618 2770 o
642 2703 810 2782 carissima,
833 2707 905 2770 dixit

126 2785 212 2853 ‘neve
235 2793 277 2854 tui
299 2812 417 2855 causam
438 2804 507 2872 tege
528 2797 606 2872 (sum
630 2793 683 2856 tibi
705 2795 774 2870 lida)
796 2786 926 2854 doloris?

130 2874 233 2938 Nerels
254 2877 300 2939 his
322 2890 424 2942 contra
447 2889 580 2941 resecuta
602 2879 753 2941 Crataeide
776 2889 873 2939 natam
897 2885 956 2937 ast:

126 2955 208 3023 ‘Acis
231 2973 303 3037 erat,
324 2964 428 3026 Fauno
451 2965 641 3047 nymphaque
663 2963 848 3044 Symaethide
870 2969 979 3032 cretus,
1162 2963 1206 3014 ⁷⁵⁰

129 3167 198 3215 cont.
220 3164 309 3216 ller'ns.
379 3168 428 3219 'llo
454 3166 524 3245 pura]
551 3182 610 3218 arva
638 3166 655 3217 h
725 3165 821 3217 auritos
847 3164 880 3214 ab
908 3162 949 3215 his
975 3163 1094 3227 regnator
1119 3152 1205 3208 euntis

129 3281 154 3333 dl
172 3287 211 3344 (in
224 3299 311 3350 rnarg.
323 3301 340 3335 a
353 3300 388 3335 m.
400 3287 431 3335 l:
449 3247 508 3352 1¹11i.
519 3289 553 3350 aa]
572 3291 728 3352 regnataque
746 3286 809 3347 vati)
861 3285 908 3335 'all
930 3288 991 3335 roto
1009 3283 1069 3347 post
1086 3276 1205 3345 phrygio,

129 3353 157 3401 a'n
175 3367 262 3417 marg.
280 3369 314 3403 ara.
333 3354 363 3402 d:
382 3351 461 3407 Bruto
480 3356 504 3421 p'
522 3354 619 3422 playgio
637 3352 662 3405 ll
727 3355 776 3406 tlt
796 3351 877 3405 tribus
899 3366 949 3402 om.
967 3352 996 3400 a‘n
1013 3362 1100 3413 marg.
1118 3343 1205 3396 adeor.

472 3454 505 3489 un
526 3437 579 3490 urs*

130 3519 198 3555 aaa.
216 3502 405 3555 recentior-elil
477 3452 609 3573 peinaislll
680 3506 806 3572 linguis:
875 3502 1047 3566 tanesia]
1072 3501 1205 3555 et'ersald

130 3573 180 3625 tto
198 3570 384 3639 impositnmll
437 3573 543 3626 lilireon
561 3574 586 3626 Μ
638 3581 664 3626 at
681 3591 709 3638 c,
726 3590 776 3624 om.
794 3572 818 3624 ttt
872 3575 922 3626 'tat
939 3568 1102 3640 expertusltl
1154 3573 1205 3624 tas

129 3639 230 3692 hanah
298 3647 325 3693 et
343 3655 427 3698 om
496 3646 546 3696 7²9
569 3641 665 3710 patitur
681 3641 984 3694 zancleana—lmrenatn
1001 3639 1026 3691 ll
1095 3642 1143 3693 tat
1168 3639 1207 3691 in·

129 3706 255 3760 testante
306 3709 504 3777 removitqnell
557 3725 607 3777 que
626 3710 710 3761 om.h
763 3713 812 3764 733
831 3725 875 3761 ore
894 3723 984 3776 gerens
1001 3710 1047 3770 (σε
1064 3708 1165 3770 wenc)
1179 3706 1205 3760 ll

129 3778 180 3828 '1³6
198 3775 330 3895 ppmpltis]
349 3777 500 3846 nymphall
553 3781 602 3830 tas
620 3779 671 3842 eui]
690 3778 800 3845 quamh
870 3775 1012 3830 eetendolt
1064 3777 1115 3829 l39
1131 3773 1207 3827 red'e·

128 3859 187 3896 rens
278 3845 422 3898 tt‘ldealt
473 3845 599 3913 illectant!
617 3845 683 3905 (snit
700 3844 730 3898 ei
749 3845 835 3910 refert)
932 3843 1053 3898 conell
1105 3846 1155 3898 748
1168 3843 1206 3895 tui

128 3914 174 3975 tex
187 3912 239 3975 tua)
258 3928 280 3967 e.
293 3919 312 3967 t.
330 3913 369 3966 sie
385 3929 442 3967 aum
459 3913 509 3967 lida
522 3915 602 3968 sorori
615 3913 640 3965 ll
693 3917 742 3968 tta
762 3915 878 3981 grataide
894 3913 1050 3977 natalitiam
1060 3920 1082 3960 n
1097 3908 1226 3964 arum
