2692 4230
130 195 283 238 renouatus
435 233 438 239 ,
566 177 793 246 11111,“666-611.

133 354 243 437 quique
266 354 338 417 deus
360 354 441 413 lnres
462 349 508 412 vel
531 351 605 416 lalce
626 354 671 416 vel
693 353 816 435 inguine
839 363 939 428 terret,

131 449 165 502 ut
187 447 364 522 poterentur
386 432 441 497 eal
484 436 536 499 sed
559 439 638 501 eninr
659 441 816 522 superabat
836 441 960 504 amando

131 526 187 588 bos
209 541 330 606 quoquc
352 520 542 597 Vertumnus,
564 543 661 604 neque
682 535 744 587 erat
766 525 879 588 felicior
900 525 967 586 illis.

132 628 150 671 o
173 610 313 690 quotiens
335 603 436 666 babitu
458 607 525 669 duri
546 609 686 671 messoris
706 610 809 672 aristas
862 685 864 689 .

132 694 222 756 corbe
243 690 311 754 tulit
327 689 449 770 verique
470 692 526 754 luit
547 693 686 755 messoris
707 693 818 772 imagol

132 788 266 859 tempora
290 792 378 855 saepe
400 793 509 855 gerens
531 777 616 839 laeno
638 776 759 857 religata
780 779 891 840 recenti

132 864 283 924 desectum
306 868 424 940 poterat
445 878 565 940 gumen
588 878 718 922 versasse
739 861 846 935 videri;

132 964 220 1027 saepe
241 961 331 1006 manu
353 945 490 1008 stimulos
512 944 605 1023 rigida
628 944 771 1025 portabat,
794 945 930 1007 utillum

131 1032 244 1092 iurares
265 1031 359 1092 sessos
380 1030 469 1091 modo
493 1028 668 1090 disiunxisse
692 1029 831 1091 iuvencos
838 1046 847 1104 ;

131 1113 206 1176 lalce
229 1114 294 1178 data
316 1115 471 1176 frondator
492 1121 553 1176 erat
575 1113 699 1194 vitisque
721 1123 853 1195 putator;

132 1198 267 1262 induerat
287 1200 391 1273 scalas,
413 1197 560 1261 lecturum
582 1216 671 1280 ponta
693 1208 827 1281 putares;

130 1283 216 1347 miles
238 1293 299 1347 erat
320 1284 429 1364 gladio,
451 1283 580 1365 piscator
601 1285 768 1347 harundine
789 1293 917 1366 sumpta.

131 1369 259 1451 denique
281 1388 337 1450 per
358 1367 467 1431 multas
488 1369 599 1431 aditum
622 1369 678 1431 sibi
700 1387 787 1449 saepe
808 1370 917 1448 figuras

131 1454 272 1536 repperit,
294 1463 329 1516 ut
350 1463 470 1534 caperet
491 1457 638 1533 spectatae
659 1454 764 1532 gaudia
785 1453 906 1515 formae.

131 1538 180 1601 ille
203 1539 291 1601 etiarn
311 1539 389 1619 picta
411 1536 566 1599 redimitus
586 1547 720 1619 tempora
742 1537 837 1612 mitra,

130 1623 263 1685 innitens
284 1621 401 1694 baculo,
424 1620 531 1702 positis
552 1639 606 1701 per
628 1631 760 1704 tempora
782 1621 873 1697 canis,

130 1705 314 1770 adsimulavit
336 1724 427 1767 anum
450 1706 605 1787 cultosque
626 1707 745 1770 intravit
766 1707 796 1769 in
819 1708 921 1770 bortos

131 1810 281 1873 pomaque
300 1791 403 1853 mirata
425 1799 481 1854 est.
521 1783 637 1854 ‘tanto'
662 1811 720 1874 qne
739 1785 936 1874 ‘potentiori’
961 1791 1066 1873 inquit,

130 1894 284 1957 paucaque
306 1875 438 1939 laudatae
460 1876 541 1939 dedit
562 1876 673 1952 osculo,
695 1877 791 1959 qualia
814 1896 976 1958 numquam

130 1979 197 2023 vera
220 1961 349 2023 dedisset
369 1980 455 2035 anus,
478 1960 640 2043 glaebaque
661 1962 782 2024 incurva
804 1962 921 2037 resedit,

130 2047 298 2128 suspiciens
320 2046 434 2127 pandos
455 2046 588 2108 autumni
611 2047 743 2127 pondere
764 2065 872 2108 ramos.

130 2131 229 2192 ulmus
252 2140 315 2191 erat
336 2138 441 2191 contra
463 2130 597 2211 speciosa
620 2131 781 2193 nitentibus
802 2132 882 2193 uvis:

130 2234 219 2295 quam
241 2214 321 2276 socia
343 2223 502 2319 postquam
525 2215 635 2296 pariter
656 2234 723 2278 curn
746 2216 803 2278 vite
825 2215 967 2298 probavit,

126 2293 171 2362 ‘at
192 2301 216 2362 si
239 2294 343 2361 staret'
368 2301 408 2362 ait
442 2300 558 2363 caelebs
579 2300 644 2363 sine
666 2301 785 2383 palmite
808 2310 940 2376 truncus,

131 2385 172 2446 nil
196 2394 310 2466 praeter
334 2385 465 2459 frondes,
487 2403 578 2466 qnare
600 2395 760 2466 peteretur,
783 2386 911 2448 baberet.

130 2469 203 2530 baec
225 2487 354 2550 quoqne,
377 2487 454 2550 quae
476 2469 575 2531 iuncta
596 2469 663 2531 vitis
684 2470 842 2551 requiescit
864 2471 894 2532 in
919 2471 1009 2542 ulmo,

130 2555 154 2615 si
177 2572 237 2615 non
263 2564 354 2635 nupta
377 2554 464 2630 loret,
485 2562 580 2616 terrae
601 2553 743 2617 acclinata
764 2554 883 2618 iaceret.

130 2649 163 2701 tu
186 2649 283 2700 tamen
306 2638 442 2719 exemplo
465 2657 526 2701 non
550 2638 678 2720 tangeris
699 2640 813 2702 arboris
834 2640 923 2702 buius

131 2723 369 2804 concubitusque
392 2722 470 2803 iugis
492 2743 549 2786 nec
572 2733 600 2786 te
622 2725 804 2805 coniungere
826 2744 921 2787 ouras.

129 2817 218 2889 atque
241 2809 354 2870 utinam
376 2808 483 2870 vellesi
507 2808 618 2872 Helene
641 2828 702 2871 non
724 2809 860 2891 pluribus
883 2819 959 2872 esset

131 2894 284 2955 sollicitata
307 2893 418 2975 procis,
442 2912 499 2955 neo
520 2912 596 2975 quae
617 2894 770 2976 Lapitheia
792 2895 883 2956 movit
1162 2902 1205 2952 610

128 2978 251 3059 proelia,
275 2997 331 3039 nec
353 2979 486 3040 coniunx
509 2979 632 3040 nimium
655 2981 795 3042 tardantis
819 2979 918 3041 Ulixis.

130 3082 211 3125 nnnc
234 3081 363 3143 quoque,
386 3081 454 3125 cnm
477 3063 573 3143 logias
594 3066 795 3145 averserisque
816 3073 961 3145 petentes,

197 3253 244 3302 641
274 3249 460 3315 potirenturll
530 3251 580 3302 646
607 3249 683 3301 loeuo
710 3248 735 3300 lll
805 3253 854 3303 646
881 3249 1161 3301 desertum-uersare
1185 3248 1203 3299 C

129 3319 177 3369 tili
204 3319 240 3380 nt]
265 3322 292 3368 at
309 3315 334 3366 bl
388 3319 439 3370 648
461 3316 572 3436 ipresses
590 3315 634 3417 bl²
668 3321 717 3372 649
741 3318 870 3371 frondator
891 3322 919 3381 (n
937 3333 971 3367 ec
988 3314 1051 3380 erl
1104 3319 1153 3370 656
1172 3316 1204 3368 ad

506 3384 616 3437 otentior

130 3452 347 3518 temporallet'ns.
399 3455 448 3505 ost
485 3401 573 3519 geritir
635 3472 648 3505 ι
699 3456 749 3506 666
768 3453 891 3521 ploraque
909 3451 1026 3504 laudatae
1044 3466 1074 3502 ac
1092 3450 1116 3503 d.
1135 3454 1204 3502 cont.

128 3518 231 3571 llos-le.²
300 3523 350 3573 660
377 3520 522 3588 suscipiunt
548 3519 573 3571 ltl
644 3524 691 3575 661
718 3522 830 3588 spatiosa
853 3521 943 3572 Helvio.
1012 3519 1205 3572 tumentibusa

129 3589 179 3640 662
197 3602 274 3654 quam
293 3589 393 3653 copiam
413 3602 437 3653 p.
452 3604 477 3655 p.
489 3587 584 3640 virtute
601 3603 638 3654 pr.
655 3588 681 3640 bl
733 3605 809 3656 quarn
827 3595 929 3656 compta
948 3605 972 3656 p.
985 3603 1009 3654 p.
1022 3587 1116 3639 virtute
1135 3589 1204 3639 coni.

129 3654 230 3705 silea-lo.²
292 3659 342 3708 663
360 3656 465 3708 Assisas
482 3660 508 3708 et
526 3655 575 3707 ait!
594 3671 701 3724 preceps
718 3672 738 3708 s.
756 3656 782 3709 bl
833 3657 1008 3737 praeceppslr
1067 3658 1117 3708 666
1135 3658 1205 3705 sice

128 3722 215 3774 iuncta
234 3723 310 3776 estc
381 3724 406 3775 iu
431 3721 521 3779 111οΜ
591 3727 640 3777 666
659 3724 763 3776 nudaC
832 3733 951 3777 sunctae
1020 3729 1097 3790 nupta
1117 3722 1205 3774 Heius.

131 3797 262 3857 terraeque
280 3791 412 3843 accliuac
464 3794 515 3845 666
532 3791 724 3859 contingerelll
777 3795 827 3847 616
846 3809 928 3860 neque
945 3791 1064 3845 semeleia
1083 3790 1108 3842 bl
1158 3806 1205 3842 nec

130 3872 196 3925 qnae
212 3858 369 3911 semeleiab
439 3862 488 3912 611
514 3858 620 3911 nimium
643 3860 767 3916 tardantis
790 3878 804 3911 e
827 3865 896 3912 coni.
915 3860 988 3912 illese
1058 3858 1137 3910 timidi
1161 3864 1208 3909 aut

129 3925 271 3978 audacisA
326 3926 408 3980 t'lixei
428 3927 517 3978 Heius.
