2692 4230
138 148 291 188 sunnonem
427 144 434 162 ¹·
585 135 626 199 lv,
644 139 788 191 aaa-711.

139 327 233 389 paene
255 330 326 374 suas
334 319 472 416 quatere
492 317 537 368 est
559 307 697 370 oblitus
690 329 720 369 ιιι
743 319 809 372 aare
831 329 953 408 pennas.

137 405 171 456 ut
193 397 283 468 stetit
302 391 344 456 ’ὀ
367 384 472 455 dixit‘
476 410 536 453 non
559 394 622 455 istis
644 395 731 473 digna
753 397 873 466 eatenis

137 482 190 542 sed
213 482 322 561 quibus
345 480 424 539 inter
445 494 478 537 se
499 479 598 560 eupidi
621 477 786 558 iunguntur
807 492 947 551 amantes,
1007 554 1010 561 Ι

137 566 235 646 pande
257 561 422 644 requirenti
446 580 554 664 npmen
577 573 731 642 terraeque
752 574 896 646 tuumque

137 659 168 712 et
189 669 243 711 our
264 647 361 708 vinela
383 639 489 744 geras'.
533 649 628 729 primo
650 646 716 707 silet
738 647 797 722 iila,
820 669 875 711 neo
897 651 984 712 audet

136 733 287 815 appellare
309 732 404 793 virum
427 732 527 813 virgo;
549 731 743 810 manibusque
765 734 912 796 modestos

136 819 261 880 celasset
282 816 438 889 vultus,
415 838 439 879 ιι
462 837 523 879 ιιοιι
547 817 668 896 religata
690 815 808 877 suisset:

136 900 259 972 lumina,
283 903 363 982 quod
387 904 493 983 potuit,
516 900 644 964 lacrimis
666 900 797 981 implerit
820 903 939 965 obortis.

136 985 255 1065 saepius
278 986 412 1062 instanti,
435 1007 487 1050 sua
511 1005 549 1048 ne
571 984 675 1046 delicta
698 986 780 1047 fateri

136 1070 217 1131 nolle
237 1070 399 1145 rideretur,
421 1090 531 1135 nomen
553 1079 709 1149 terraeque
731 1089 887 1152 suumque,

135 1165 306 1236 quantaque
328 1169 479 1220 maternae
501 1154 589 1216 fuerit
610 1155 715 1216 fiducia
738 1158 858 1226 formae.

135 1239 255 1302 indicat.
300 1253 330 1304 et
352 1242 486 1303 nondum
509 1241 678 1301 memoratis
700 1242 838 1302 omnibus
859 1244 938 1304 unda

135 1325 279 1398 insonuit,
304 1328 487 1406 veniensque
508 1326 643 1387 inmenso
666 1324 750 1386 belua
773 1337 865 1407 ponto

134 1411 272 1471 imminet
294 1420 325 1472 et
345 1411 439 1473 latum
460 1409 517 1472 suh
539 1419 659 1490 pectore
681 1411 813 1490 possidet
834 1430 954 1491 aequor.

134 1496 300 1557 conclamat
323 1496 424 1575 virgo:
447 1495 566 1577 genitor
588 1494 720 1574 lugubris
742 1505 772 1556 et
793 1514 852 1557 una

134 1590 230 1641 mater
251 1580 345 1651 adest
366 1581 454 1642 ambo
477 1580 587 1653 miseri,
609 1580 659 1640 sed
681 1579 788 1640 iustius
810 1580 868 1642 ilia.

135 1683 190 1726 nee
212 1683 315 1725 seeum
339 1667 491 1739 auxilium,
513 1665 565 1726 sed
586 1665 693 1743 dignos
715 1677 847 1747 tempore
868 1666 954 1728 fletus

134 1748 372 1846 plangoremque
393 1753 493 1813 ierunt
497 1750 672 1855 rinetoque
693 1749 724 1810 in
747 1768 874 1831 corpore
895 1752 1063 1826 adhaerent

133 1852 201 1895 euru
224 1835 268 1895 sic
289 1836 400 1916 hospes
421 1836 477 1896 ait:
497 1829 695 1897 ‘lacrimarum
718 1834 807 1916 longa
829 1855 947 1898 manere

132 1928 342 2000 temperares
364 1929 523 2002 poterunt.
546 1922 582 1982 ad
605 1938 693 2001 opem
714 1920 810 1982 brevis
832 1922 904 1983 hora
926 1922 1076 1983 terendam
1097 1933 1149 1984 est.

132 2004 210 2066 hane
232 2023 287 2083 ego
311 2006 335 2066 si
359 2017 491 2087 peterem
514 2006 640 2067 Perseus
660 2005 729 2066 love
753 2016 838 2067 natus
860 2019 888 2068 et
910 2005 969 2077 illa,

133 2107 221 2168 quam
245 2089 375 2151 clausam
399 2092 529 2172 implevit
552 2089 678 2151 seeundo
701 2089 835 2170 luppiter
856 2108 939 2163 auro,

133 2174 282 2252 Gorgonis
304 2176 499 2255 anguicomae
521 2174 646 2236 Perseus
666 2185 821 2255 superator
843 2184 872 2236 et
893 2175 948 2237 alis

132 2259 226 2320 adrias
247 2278 338 2321 ausus
361 2261 476 2322 iactatis
497 2260 540 2321 ire
562 2278 616 2341 per
637 2277 733 2331 auras,

132 2345 299 2425 praeferrer
321 2345 438 2407 eunetis
460 2356 541 2406 eerte
563 2363 663 2423 gener.
706 2345 812 2406 addere
833 2345 923 2405 tantis

131 2429 251 2490 dotibus
273 2441 304 2491 et
326 2431 478 2504 meritum,
500 2431 615 2491 faveant
636 2429 724 2490 modo
747 2429 879 2498 numina
901 2438 1030 2511 tempto:

131 2522 164 2574 ut
187 2533 252 2574 mea
275 2516 315 2576 sit
337 2527 451 2577 servata
474 2533 539 2577 mea
559 2514 675 2584 virtute,
698 2507 848 2594 paciscor?

131 2599 284 2677 accipiunt
306 2600 402 2680 legem
426 2602 506 2681 (quis
528 2600 606 2660 enim
629 2597 809 2676 dubitareti)
830 2610 860 2659 et
881 2608 966 2660 orant

130 2684 371 2765 promittuntque
393 2705 485 2768 super
507 2702 629 2765 regnum
653 2682 748 2745 dotale
770 2695 917 2764 parentes.

131 2787 201 2830 ecee
223 2769 304 2830 velut
326 2770 409 2831 navis
431 2771 560 2852 praefixo
583 2769 698 2832 connita
720 2778 816 2830 rostro

130 2854 225 2915 sulcat
247 2873 350 2934 aquas,
374 2857 513 2917 iuvenum
536 2854 711 2917 sudantibus
732 2865 795 2915 aeta
818 2852 942 2923 lacertis,

130 2939 174 2999 sie
196 2941 257 3000 sera
280 2940 400 3002 dimotis
423 2941 553 3021 impulsu
576 2940 705 3021 pectoris
725 2939 813 2999 undis

129 3033 245 3085 tantum
267 3025 369 3087 aberat
391 3026 534 3106 seopulis,
557 3036 698 3104 quantum
721 3023 867 3085 Balearica
888 3032 967 3084 torto

130 3109 220 3170 sunda
244 3122 343 3190 potest
365 3111 488 3191 plumbo
511 3111 599 3171 medii
622 3108 818 3170 transmittere
840 3107 927 3169 caeli:
1167 3116 1212 3166 710

131 3213 198 3255 eum
224 3195 323 3256 subito
346 3196 463 3258 iuvenis
484 3195 609 3277 pedibus
631 3195 735 3256 teliure
757 3194 875 3275 repulsa

129 3358 257 3428 eximiqi
315 3361 487 3428 corruptusR
525 3293 733 3428 colriffitusuu
784 3364 832 3412 ott
853 3359 976 3427 quated'dd
973 3359 1013 3410 Μ
1049 3359 1149 3426 quatlll
1163 3358 1210 3411 ea

130 3499 180 3550 6¹18
198 3494 306 3561 utletl
357 3500 409 3551 684
427 3497 518 3564 qui-
485 3493 661 3548 -abortisl
712 3493 944 3549 688numeratisi
996 3498 1071 3548 696'
1062 3427 1209 3546 miggin

129 3633 206 3686 696
197 3565 286 3685 iniusto
305 3635 370 3697 (oi.
388 3649 428 3695 r.,·
445 3637 476 3684 a'n
493 3648 578 3699 marg.
596 3630 765 3694 iuinoto)M
827 3634 877 3684 696
896 3630 1000 3682 serenda
1017 3631 1096 3680 estA
1158 3631 1207 3680 too

129 3768 258 3821 aetherias
270 3768 301 3833 Δ,
319 3783 369 3820 em.
381 3768 539 3819 Lachmann
590 3769 639 3818 70²
657 3768 748 3818 merito
764 3765 776 3817 i
793 3771 879 3818 tumr
931 3769 979 3818 705
999 3713 1111 3831 igme
1157 3766 1206 3816 tos

613 3834 814 3886 {transcurrere

129 3903 167 3954 sie
185 3904 273 3955 sertB
317 3905 356 3956 sic
374 3903 447 3968 ferilli)
462 3903 488 3955 Μ
559 3906 608 3956 iit]
644 3903 848 3956 transmitteres
