2692 4230
129 147 271 186 »mustos
582 129 600 192 1,
618 129 761 182 239-364.

132 304 243 366 mulcet
264 321 356 384 aquas
377 307 476 360 rector
497 297 593 378 pelagi
615 317 764 381 supraque
786 298 967 381 protundum

132 398 295 452 exstantem
317 397 408 465 atquc
429 399 549 445 umeros
571 383 672 447 innato
694 384 808 447 murice
830 393 940 446 tectum

131 474 301 537 caeruleum
322 467 445 531 Tritona
466 477 550 530 vocat
571 470 761 549 conchaeque
782 468 901 532 sonanti

131 559 278 641 inspirare
299 553 382 615 iubet
403 551 571 634 ductusque
593 564 623 614 et
644 553 764 614 flumina
786 554 873 634 signo

131 647 188 706 iam
211 656 350 703 revocare
371 637 449 699 dato.
492 658 559 703 cava
582 637 690 700 bucina
712 638 839 699 sumitur
860 638 913 712 illi,

132 725 250 798 tortilis,
274 723 305 784 in
327 721 418 784 latum
440 742 516 804 quae
538 722 657 786 turbine
679 722 785 785 crescit
806 722 843 783 ab
867 719 943 798 imo:

35 860 38 864 a
131 810 250 882 bucina,
274 826 350 889 quae
371 808 468 870 medio
491 809 630 890 concepit
651 809 700 869 ubi
722 818 788 869 aona
812 817 916 888 ponto,

131 896 216 957 litora
240 911 312 953 uoce
334 893 428 975 replet
448 894 504 956 sub
527 903 654 972 utroque
676 893 799 954 iacentia
822 892 953 954 Phoebo.

131 991 204 1040 tunc
227 995 359 1058 quoque,
381 991 412 1040 ut
435 997 486 1041 oua
508 978 554 1039 dei
577 976 690 1037 madida
712 977 842 1038 rorantia
864 977 955 1040 &aba

131 1063 257 1141 contigit
279 1072 310 1124 ct
331 1065 440 1127 cecinit
460 1064 558 1125 iussos
579 1061 678 1122 iullata
701 1072 848 1143 receptus,

131 1148 272 1210 omnibus
293 1149 391 1211 audita
413 1158 458 1211 est
478 1145 592 1208 telluris
614 1156 643 1207 ct
664 1146 802 1228 aequoris
823 1147 922 1222 undis,

131 1243 159 1295 ct
181 1233 293 1315 quibus
314 1244 360 1295 est
382 1232 887 1305 undisaudita‚-coercuiton1nes

131 1320 187 1381 iam
210 1337 293 1381 mare
313 1319 385 1380 litus
405 1316 503 1388 habet,
525 1315 630 1399 plenos
651 1317 730 1398 capit
749 1317 848 1378 alveus
870 1335 982 1391 amnes,

131 1405 255 1466 flumina
277 1402 436 1464 subsidunt
458 1400 607 1483 collesque
629 1403 708 1463 exire
729 1402 876 1476 videntur,

130 1491 226 1568 surgit
246 1488 366 1560 humus,
387 1496 526 1549 crescam
546 1487 610 1548 loca
632 1486 871 1548 decrescentibus
893 1487 989 1550 undis

130 1584 259 1655 postque
280 1572 360 1633 diem
381 1571 499 1652 longam
523 1572 630 1633 nudata
651 1571 803 1633 cacumina
825 1572 914 1634 silvae

130 1657 294 1720 ostendunt
315 1656 479 1737 limumque
499 1665 602 1718 tonent
623 1655 653 1716 iu
677 1656 780 1718 fronde
802 1656 947 1719 relictum.

130 1742 264 1804 redditus
286 1741 368 1804 orbis
390 1752 462 1804 erat.
505 1759 592 1821 quern
615 1752 770 1822 postquam
792 1742 863 1803 vidit
884 1743 1004 1805 inanem

131 1838 160 1888 et
181 1827 329 1888 desolatas
350 1844 439 1905 agene
459 1824 516 1888 alta
537 1825 653 1888 silentia
675 1836 776 1901 terras,

129 1911 294 1973 Deucalion
316 1910 445 1973 lacrimis
466 1911 504 1973 ita
526 1911 667 1991 Pyrrham
688 1913 803 1974 adlatur
823 1911 953 1974 obortis:

129 2003 159 2058 ‘o
181 2015 278 2072 soror,
301 2015 319 2056 o
342 1996 483 2070 coniunx,
505 2016 523 2057 o
545 1997 654 2058 femina
675 1995 736 2058 sola
757 2006 918 2076 superstes,

130 2101 219 2162 quam
242 2099 403 2143 commune
424 2081 496 2143 mihi
518 2099 613 2160 genus
635 2091 665 2142 et
687 2081 829 2162 patruelis
850 2080 946 2160 origo,

129 2167 237 2229 deiude
259 2176 344 2228 torus
367 2165 472 2238 iunxit,
495 2183 577 2227 nunc
598 2165 660 2246 ipsa
682 2165 811 2246 pericula
833 2164 973 2245 iungunt,

129 2265 285 2326 terrarum,
309 2269 512 2332 quascumque
533 2250 633 2313 vident
654 2269 775 2313 occasus
797 2263 826 2312 et
848 2262 942 2323 ortus,

131 2355 186 2398 nos
208 2337 268 2398 duo
291 2336 378 2399 turba
400 2353 519 2410 sumus3
543 2336 672 2417 possedit
694 2347 789 2398 cetera
812 2348 933 2416 pontus.

128 2423 203 2484 haec
225 2440 348 2502 quoque
368 2421 465 2484 adhuc
485 2420 560 2482 vitae
582 2439 642 2482 nou
665 2431 709 2482 est
730 2421 835 2482 fiducia
858 2431 978 2482 nostrae

130 2517 210 2568 certa
232 2507 321 2580 satis;
344 2514 457 2568 terrent
477 2506 564 2568 etiam
587 2525 669 2568 nunc
690 2504 790 2566 nubila
812 2515 953 2568 mentem.

130 2592 198 2672 quis
219 2591 286 2667 tihi,
309 2591 335 2652 si
356 2591 489 2653 sinemo
511 2591 578 2653 latis
599 2600 700 2671 erepta
722 2590 837 2663 luisses,

130 2695 213 2738 nunc
234 2677 363 2751 animus,
384 2676 558 2750 moerenda,
580 2672 680 2737 toret?
702 2693 760 2755 quo
783 2675 844 2736 sola
868 2673 1002 2735 timorem

129 2762 208 2823 terre
229 2761 319 2822 modo
341 2758 469 2842 posses?
490 2779 550 2841 quo
573 2759 745 2822 consolante
766 2756 904 2821 doleres?

130 2865 260 2928 namque
283 2863 338 2924 ego
361 2845 459 2923 (crede
480 2846 563 2921 minu
585 2845 610 2908 si
632 2855 661 2906 te
682 2863 802 2925 quoque
825 2853 937 2925 pontus
958 2841 1088 2915 haberet,
1122 2858 1127 2867 ·

129 2942 159 2992 te
180 2948 334 3011 sequerer,
356 2931 497 3004 coniunx,
520 2940 549 2991 et
571 2948 618 2991 mc
640 2949 757 3010 quoquc
781 2939 891 3011 pontus
912 2927 1041 2990 haberet.

130 3035 148 3076 o
172 3017 285 3077 utinam
309 3033 427 3096 possem
450 3015 578 3096 populos
600 3035 734 3096 reparare
757 3015 888 3096 paternis

129 3101 245 3163 artibus
266 3109 357 3180 atque
378 3101 490 3162 animas
513 3102 652 3162 formatae
675 3100 830 3161 inlundere
851 3099 964 3160 terrael

199 3321 249 3372 332
263 3327 342 3387 atque
352 3335 427 3378 enm
473 3321 522 3372 333
535 3319 682 3384 concisaque
695 3315 715 3366 n
733 3322 809 3384 (aque
821 3321 840 3368 i.
849 3335 871 3369 r.
882 3317 917 3381 ll)
935 3314 1083 3380 conclusique
1098 3313 1121 3372 (a
1135 3326 1204 3361 corr.

129 3389 202 3451 ine)
226 3384 576 3454 tconchaequeedprtnc.
618 3389 665 3437 ³³7
685 3382 842 3450 inmodici
877 3389 926 3438 339
946 3391 1027 3439 tumc
1061 3378 1204 3433 attitulata

130 3471 247 3508 recessus
259 3453 436 3519 (sustulit
454 3469 598 3509 recessus:
614 3455 829 3590 reezppplsslleim.
865 3456 915 3507 342
932 3449 1048 3505 undasll
1065 3450 1147 3584 32³3!¹
1149 3449 1206 3583 2³13

128 3609 200 3660 ried
224 3606 515 3661 attendendam
549 3606 764 3674 dltplencapito
794 3605 982 3671 dddlongumo
1011 3604 1188 3668 susspectum

131 3673 146 3727 λ
175 3683 324 3745 apertums
360 3679 409 3730 350
428 3675 560 3727 abortisG
595 3678 644 3728 353
662 3674 792 3726 iuncxitC
828 3674 1074 3727 tutationem
1091 3684 1206 3759 misceo.

131 3826 181 3877 xv,
198 3826 267 3864 nnnc
285 3807 371 3862 erut
418 3812 501 3864 358.9
539 3809 680 3862 uid-animi
694 3810 783 3860 Heius,
836 3811 886 3861 360
905 3804 1035 3860 ἀοίοιεελ
1062 3744 1164 3857 deiferos
1179 3803 1204 3855 ll

130 3884 180 3934 363
198 3879 296 3947 possim
315 3882 361 3943 (aa
378 3884 491 3947 possem)
563 3892 684 3947 possess
