2692 4230
132 157 228 197 aarum
592 144 653 211 VIII,
671 149 780 202 33-93.

137 316 319 401 inpensaque
340 319 388 381 sui
411 316 519 398 poterit
540 335 680 398 superare
705 320 830 382 eruaris.

137 421 200 466 non
220 414 349 467 metuam
371 409 461 475 eerte,
484 419 522 462 ne
544 403 612 484 quis
634 413 684 468 tua
706 416 836 487 pectora,
859 404 964 479 Minos,

137 489 270 552 vulneret
291 485 463 568 inprudens.
508 488 575 568 quis
596 490 676 552 enim
698 502 758 553 tam
779 492 870 564 dirus,
892 497 925 551 ut
947 489 977 550 in
998 499 1026 551 te
1177 504 1205 554 ot

137 573 261 653 dirigere
283 571 416 633 inmitem
439 588 499 633 non
522 573 633 636 inscius
654 575 759 637 audeat
778 569 921 638 hastamt'

137 667 240 739 eoepta
263 656 390 737 placent,
413 664 443 717 et
465 665 522 719 stat
543 659 690 720 sententia
711 660 826 723 tradere
848 679 948 723 smum

137 740 261 804 dotalem
284 738 407 820 patriam
429 741 578 822 finemque
600 743 744 822 inponere
765 743 853 806 bello.

136 842 237 888 verum
259 823 332 884 velle
355 844 459 905 parum
482 835 535 888 est.
576 820 687 887 ‘aditus
709 828 842 891 custodia
865 838 958 891 servat

137 910 321 988 claustraque
343 920 494 990 portarum
518 910 635 989 genitor
657 918 754 972 tenet:
778 912 859 974 hune
880 931 935 992 ego
957 912 1053 975 solum

137 992 238 1054 infelix
259 994 359 1070 timeo,
381 995 463 1057 solus
485 1013 549 1056 mea
572 1003 637 1055 vota
658 1005 799 1057 moratur.

137 1077 166 1140 di
188 1078 327 1155 iacerent,
349 1080 414 1141 sine
438 1089 521 1160 patre
542 1079 653 1140 iorem!
675 1079 795 1142 —sibi
819 1079 944 1160 quisque
965 1082 1097 1162 proiecto

137 1170 181 1224 est
203 1163 291 1226 deus:
315 1164 427 1243 ignavis
450 1161 589 1243 precibus
610 1163 741 1227 Fortuna
762 1173 917 1245 repugnat.

135 1247 228 1310 altera
249 1248 409 1310 iandudum
431 1265 574 1310 succensa
595 1249 735 1330 cupidine
757 1259 837 1311 tanto

136 1333 260 1413 perdere
281 1332 431 1411 gauderet,
454 1333 663 1414 quodcumque
685 1334 814 1396 obstaret
835 1335 938 1396 amori.

136 1425 166 1478 et
187 1435 241 1479 eur
261 1416 321 1477 ulla
343 1416 420 1478 toret
441 1435 488 1477 me
511 1415 636 1479 sortior?
658 1418 702 1481 ire
723 1437 777 1499 per
797 1419 884 1497 ignes

136 1511 164 1563 et
185 1501 297 1582 gladios
318 1500 422 1561 ausim.
467 1519 523 1562 nen
546 1502 576 1563 in
599 1503 658 1564 hoe
680 1512 778 1565 tamen
800 1502 918 1582 ignibus
939 1501 1008 1564 uilis

136 1593 186 1647 aut
206 1585 310 1665 gladiis
332 1603 408 1666 opus
430 1595 493 1648 est:
516 1605 593 1668 opus
615 1597 660 1649 est
680 1588 753 1650 mihi
775 1587 858 1650 edne
879 1595 1012 1668 paterno.

134 1669 184 1731 ilia
206 1669 280 1731 mihi
301 1681 346 1731 est
366 1689 438 1733 auro
461 1672 629 1752 pretiosior,
652 1672 701 1734 illa
723 1672 837 1735 beatam

135 1772 266 1835 purpura
288 1773 335 1817 me
357 1755 475 1836 votique
497 1757 555 1817 mei
578 1756 690 1818 iactura
715 1751 887 1837 potentem?

217 1837 298 1900 Talia
319 1839 431 1901 dicenti
453 1857 591 1902 curarum
613 1840 738 1903 maxima
756 1841 860 1904 nutrix

134 1940 192 1984 nox
215 1922 381 1999 intervenit,
404 1924 595 2007 tenebrisque
616 1927 736 1990 audacia
758 1926 858 1989 erevit.

133 2008 228 2089 prima
250 2007 334 2089 quies
355 2009 464 2082 aderat,
487 2029 545 2091 qua
567 2011 647 2073 euris
667 2013 745 2073 fessa
765 2011 880 2075 diurnis

132 2102 251 2174 pectora
274 2111 398 2155 somnus
419 2093 521 2155 habet:
545 2095 688 2158 thalamos
710 2096 859 2158 taciturna
880 2101 1019 2176 paternos

132 2177 221 2240 intrat
242 2187 271 2238 et
293 2178 362 2253 (heu
385 2179 527 2255 facinusi)
548 2179 629 2241 vitali
651 2188 719 2242 nata
740 2190 892 2261 parentem

132 2261 213 2323 crine
235 2280 323 2323 suum
345 2261 462 2343 spoliat,
483 2264 651 2345 praedaque
673 2265 767 2346 potita
789 2264 914 2328 notanda

132 2365 185 2428 per
207 2346 318 2409 medios
340 2348 441 2409 hostes
464 2349 574 2419 (meriti
595 2350 702 2413 fiducia
724 2358 805 2413 tanta
827 2352 881 2426 est)

127 2430 264 2535 pervenit
286 2432 322 2494 ad
343 2449 453 2512 regem.
498 2452 586 2515 quem
608 2435 652 2496 sin
674 2435 769 2497 adfata
790 2442 945 2516 parentem
966 2441 1029 2494 est:

141 2515 231 2577 suasit
252 2534 335 2578 amor
358 2516 481 2579 facinus.
525 2518 626 2599 proies
647 2537 702 2599 ego
725 2518 806 2600 regia
828 2518 889 2580 Nisi

131 2598 226 2680 Sopita
249 2600 301 2662 tibi
324 2602 407 2663 trado
430 2602 601 2684 patriaeque
622 2622 764 2686 meosque
786 2614 916 2686 penates

131 2685 260 2766 praemia
284 2684 364 2748 nulla
386 2694 456 2766 peto
481 2687 538 2749 nisi
560 2699 600 2752 te.
643 2707 717 2770 eape
737 2689 848 2771 pignus
869 2686 977 2750 amoris

131 2788 315 2851 purpureum
337 2771 461 2845 crinem,
485 2791 540 2835 nec
562 2792 610 2836 me
633 2793 714 2836 nune
737 2776 850 2837 tradere
871 2773 994 2846 crinem,

250 2938 375 3005 inpensa²
410 2939 468 2991 sui²
838 2936 954 2991 cruoris¹
1123 2933 1202 2986 inam

197 3007 230 3057 63
249 3005 375 3073 ineessaq:
394 3022 639 3074 suurn-superare
661 3009 725 3072 (rare
744 3009 762 3060 i.
781 3010 814 3072 r.)
837 3003 994 3059 eruoremM
1082 3005 1113 3055 at
1152 3019 1202 3055 non

174 3094 225 3141 um
1055 3088 1172 3140 meeum²

129 3162 258 3209 metune
339 3162 371 3213 65
392 3165 443 3210 tam
461 3162 479 3209 i.
497 3176 519 3210 r.
538 3158 582 3211 Μ’
660 3157 747 3212 tamt
812 3158 924 3211 durusG
1006 3159 1037 3209 ot
1057 3170 1143 3208 secum
1178 3155 1202 3206 Μ

427 3242 439 3274 2
899 3243 904 3253 ¹
932 3242 943 3274 2

130 3324 262 3368 meeumc
316 3241 510 3376 wpaerpdm
564 3314 594 3363 tt
615 3308 762 3364 nechoct
806 3258 981 3363 'neehaelsstt
1022 3239 1102 3425 ¹³³:
1171 3310 1202 3361 18

1001 3393 1007 3404 ⁹
1048 3393 1103 3428 ⁸2³)

129 3465 242 3515 atterum
259 3477 325 3528 opus
343 3469 382 3516 est
400 3463 508 3514 addidit
526 3461 568 3513 Μ’
620 3466 653 3516 te
672 3463 715 3514 iiie
734 3460 829 3515 mitit
890 3465 922 3515 85
938 3393 1055 3513 ingfitah
1099 3457 1115 3512 t
1167 3460 1203 3512 ia·

131 3531 174 3583 tati
193 3530 310 3582 Merkad²
396 3533 458 3582 Post
476 3547 580 3582 uersum
598 3534 631 3583 so
655 3535 718 3588 ine
741 3533 786 3583 hie
809 3535 896 3581 enatat
919 3546 1022 3581 uersam
1046 3528 1094 3580 tert
1116 3543 1202 3580 secum

129 3598 239 3682 ppoiium
262 3598 360 3681 celeris·
374 3613 560 3666 progressaque
585 3604 671 3681 porta,
702 3614 779 3665 quam
804 3600 957 3650 Ριὺοίαηω
984 3613 1088 3679 quoque
1111 3598 1204 3659 daudet,¹

128 3683 158 3717 m
176 3666 200 3717 M
225 3683 241 3716 a
258 3666 328 3719 Μ
349 3683 378 3716 an
401 3682 487 3732 marg.
508 3672 547 3718 ast
571 3667 735 3732 adscriptus,
756 3666 804 3719 aad
822 3683 875 3732 pro
896 3672 969 3733 porta
995 3665 1094 3731 tegatur
1116 3672 1203 3733 ponte.

129 3817 279 3869 Insitiea'um
299 3833 352 3868 ma
371 3820 437 3870 vidit
455 3820 579 3870 Heinsius
659 3822 692 3871 90
717 3750 875 3886 ὲΙὲξίεαωΜ
951 3819 982 3871 91
1003 3764 1159 3885 ριίήιῐξφιε
1177 3814 1203 3868 Μ

127 3885 188 3946 {aad
204 3900 245 3937 arn
263 3902 298 3936 aa
315 3900 345 3937 ae
364 3903 417 3936 asse
436 3893 585 3939 correctum
604 3891 720 3952 constat)
777 3886 956 3956 patriosque·
