2692 4230
98 125 161 190 306
529 138 706 194 5111555151.
944 128 1063 194 scaccos.
1091 156 1169 194 ciacc

98 311 217 387 totaque
238 318 391 372 uertuntur
412 327 501 390 supra
524 314 615 386 caput
635 325 763 387 aequora
786 321 929 373 nostrum.
1119 321 1166 371 955

98 389 240 455 haetenus
260 405 322 456 acta
346 393 398 456 tibi
420 409 541 473 possum
562 392 750 453 memoranda
773 397 891 464 reterre.

97 474 237 538 hactenus
258 479 331 542 baec
351 475 481 539 memini.
526 492 582 535 nec
603 491 687 534 mens
709 494 772 538 mea
795 489 890 543 cetera
912 479 1012 542 sensit

97 579 172 641 qnae
193 572 347 642 postquam
369 559 464 632 rediit,
486 557 575 619 alium
598 575 645 618 me
667 576 792 638 corpore
813 571 875 626 toto

96 663 130 708 ae
152 646 263 707 lucram
287 662 392 725 nuper,
415 660 512 722 neque
534 643 659 704 eundem
681 654 781 704 mente
802 651 909 728 recepi.

96 730 174 792 banc
195 747 248 808 ego
271 738 334 789 tum
357 726 484 807 primurn
506 728 625 789 viridem
650 728 799 807 ferrugine
820 728 938 795 barbam
1116 740 1163 793 95)

96 815 311 892 caesariemque
333 829 437 885 meam,
459 830 546 891 quam
569 813 656 892 longa
678 831 731 892 per
752 832 878 893 aequora
899 836 994 893 verro,

96 899 288 978 ingentesque
309 913 427 958 umeros
448 905 478 957 et
499 899 613 959 caerula
636 897 770 958 bracchia
792 898 849 959 vidi

96 999 238 1061 cruraque
261 979 415 1061 pinnigero
438 991 553 1043 curvata
577 983 732 1044 norissima
754 982 843 1061 pisce

96 1067 164 1148 quid
188 1074 285 1126 tamen
308 1067 380 1126 baec
401 1065 524 1163 species,
547 1069 616 1147 quid
639 1068 684 1129 dis
706 1066 850 1148 placuisse
872 1068 1002 1144 marinis,

95 1151 165 1231 quid
186 1149 265 1210 iuvat
287 1168 350 1210 esse
371 1149 468 1223 deum,
491 1151 515 1211 si
538 1160 570 1212 tu
593 1171 654 1215 non
675 1151 805 1230 tangeris
826 1146 925 1213 istisl’
1114 1165 1161 1216 955

94 1235 159 1296 talia
183 1233 337 1307 dicentem,
361 1196 507 1296 dicturdm
516 1235 624 1332 plura,
647 1237 768 1318 reliquit

95 1317 190 1399 Scylla
212 1319 307 1379 deum
351 1319 422 1380 lucit
442 1319 522 1381 ille'
514 1323 709 1403 inritatusque
731 1321 846 1402 repulsa

94 1402 260 1484 prodigiosa
282 1403 355 1484 petit
376 1404 528 1513 Titanidos
549 1408 621 1468 atria
644 1407 751 1468 Circes

318 1818 456 1904 LIBER
482 1819 697 1906 culcitis
723 1818 937 1905 DECIMUS.

176 1990 295 2071 lamque
316 1991 466 2071 Giganteis
487 1991 623 2052 iniectam
646 1990 779 2052 saucibus
801 1993 913 2053 Aetnen

91 2093 215 2156 arvaque
236 2075 407 2157 Cyclopum,
430 2076 499 2156 quid
521 2084 624 2149 rastra,
646 2076 715 2155 quid
738 2094 810 2136 usus
830 2077 927 2151 aratri,

92 2162 188 2222 nescia
211 2179 266 2221 nec
288 2161 443 2240 quicquam
466 2161 575 2221 innotis
596 2160 730 2221 debentia
752 2160 858 2232 bubus,

91 2245 215 2325 liquerat
237 2245 385 2306 Euboicus
408 2246 582 2306 tumidarum
606 2244 702 2306 cultor
722 2263 873 2324 aquarum,

90 2329 216 2410 liquerat
238 2339 267 2391 et
288 2327 413 2391 Zanclen
435 2331 612 2409 adversaque
634 2330 750 2390 moenia
773 2329 864 2408 llbegi
1139 2343 1156 2392 5

90 2415 328 2494 navifragumque
351 2414 468 2487 lretum,
491 2415 609 2492 gemino
632 2416 710 2494 quod
734 2413 818 2474 litore
840 2433 974 2494 pressum

89 2500 236 2561 Ausoniae
258 2498 431 2579 Siculaeque
453 2510 535 2559 tenet
556 2500 683 2559 confinia
707 2510 809 2559 terrae.

89 2585 158 2645 inde
179 2602 267 2644 mauu
289 2602 391 2662 magna
413 2584 564 2663 Tyrrhena
586 2601 788 2664 peraequum
812 2593 911 2643 vectus

89 2667 253 2729 herbiferos
273 2668 343 2729 adiit
364 2668 454 2730 colles
474 2679 563 2748 atque
584 2668 656 2729 atria
679 2668 807 2728 Glaucus

90 2752 158 2814 Sole
180 2764 257 2813 satae
280 2753 389 2826 Circes,
410 2771 548 2814 ranarum
573 2752 658 2832 plena
680 2753 816 2813 ferarum.

85 2856 174 2940 qnam
198 2837 284 2898 simul
306 2837 447 2917 adspexit,
467 2839 543 2898 dicta
566 2848 744 2917 acceptaque
765 2837 866 2908 salute,

85 2916 172 2997 ‘dira,
194 2923 238 2982 dei
262 2921 411 2992 miserere,
432 2923 554 3027 precorl
579 2940 645 2983 nam
667 2922 728 2982 sola
752 2921 845 2981 levare

87 3019 119 3068 tu
142 3017 226 3088 potes
248 3003 355 3078 bunc',
378 3007 449 3068 dixit
467 3001 579 3067 ‘videar
600 3007 687 3066 modo
710 3006 827 3084 dignus,
848 3021 987 3066 amorem.

88 3102 194 3171 quanta
216 3092 254 3152 sit
276 3091 440 3163 herbarum,
462 3091 570 3165 Titani,
592 3091 734 3171 potentia,
757 3090 829 3151 nulli

88 3195 174 3257 quam
197 3177 267 3237 mibi
289 3177 444 3255 engallim,
467 3177 517 3256 qui
540 3195 605 3236 sum
628 3186 757 3236 mutatus
778 3174 814 3234 ab
838 3174 903 3234 illis.
1122 3184 1152 3234 15

154 3329 211 3378 955.
221 3328 270 3376 954
289 3323 313 3374 51
365 3327 422 3377 955
432 3328 489 3378 959.
501 3327 559 3377 955.
571 3328 653 3380 951ς
704 3327 752 3375 951
772 3324 895 3374 hactenus
912 3329 938 3374 et
956 3336 1021 3377 me
1073 3324 1151 3374 sentit

86 3392 111 3446 51
163 3396 212 3444 959
224 3392 287 3444 redit
300 3391 324 3443 51
375 3392 514 3449 redeunte
566 3394 642 3444 alium
660 3396 703 3454 m]
721 3399 805 3443 actum
818 3407 893 3442 mac
888 3389 912 3440 51
965 3392 1014 3441 959
1030 3389 1149 3443 ineratbl

87 3465 136 3515 959
156 3471 246 3513 tucca
296 3459 406 3512 riridiM
458 3465 507 3513 953
526 3460 698 3528 pennigeroll
750 3458 947 3512 9155505155
1001 3462 1051 3513 955
1069 3459 1152 3511 dictu·

85 3544 140 3582 ιιιιιι
157 3528 315 3580 dicentemb
366 3531 415 3580 951
434 3527 519 3592 deum]
537 3527 664 3580 lurensbl
741 3527 829 3593 lucipit
847 3526 890 3577 lib
910 3526 1005 3579 ιιιιι51

152 3595 217 3660 lllV,
237 3595 570 3661 tgiganteistiseoeitbl
640 3596 774 3650 etbnamc
842 3595 930 3646 515
1000 3594 1147 3648 baandeb

84 3663 193 3731 regisbl
250 3662 461 3729 rbesilrliegia
512 3664 608 3730 regilli
670 3662 933 3729 bnaulragumquell
994 3663 1147 3730 8lapsusa

85 3730 235 3799 llntqnelll
291 3736 320 3782 15
337 3733 494 3788 variaretur
552 3735 580 3785 15
598 3731 667 3798 dign.
685 3734 744 3793 am]
762 3730 862 3796 dignior
878 3728 978 3781 essebl
1030 3745 1147 3783 amores

680 3817 707 3854 q!

86 3870 117 3920 tt
135 3865 255 3919 titanabi
311 3871 340 3918 15
360 3865 525 3930 cognitiorll
581 3866 743 3932 rognitillljb
