2692 4230
98 113 160 176 130
511 110 515 119 ⁴
565 120 718 177 4444444444.
1026 138 1170 178 rmnoxsna

98 301 129 354 at
148 310 200 354 rex
222 291 373 374 Odrysius,
395 291 527 375 quamvis
548 290 679 365 meunt,
700 291 732 352 in
754 293 805 356 illa
1126 306 1174 357 roo

98 385 222 453 aestuat,
245 389 283 454 et,
304 385 445 460 repetens
466 373 570 437 faciem
592 385 749 454 motusque
769 396 946 460 manusque,

98 462 195 543 qualia
216 463 278 525 vult
298 463 384 542 fingit
404 479 479 541 quae
500 458 634 521 nondum
655 459 735 535 vidit,
756 470 787 523 et
807 462 892 543 ignes

96 546 161 629 ipso
182 566 253 609 suos
275 548 378 620 nutrit,
399 562 470 606 cura
492 553 661 606 removente
681 561 830 625 soporem.

96 631 148 694 lux
169 642 240 708 erat,
262 642 292 693 et
313 628 415 711 generi
436 629 567 691 dextram
589 628 752 711 conplexus
773 633 870 695 euntis

95 716 230 779 Pandion
252 717 389 778 comitem
410 711 539 775 lacrimis
561 713 748 776 commendat
769 713 896 778 obortis:
1124 724 1172 776 495

93 793 182 863 ‘hanc
204 819 269 880 ego,
292 819 359 861 care
380 815 482 877 gener,
504 800 645 879 quoniam
666 797 715 880 pia
737 816 825 860 causa
847 802 944 881 coegit

96 895 126 947 et
145 884 265 947 voluere
286 884 399 956 ambae,
420 882 537 946 voluisti
561 893 594 948 tu
616 901 746 966 quoque,
767 881 875 956 Toron,

95 970 134 1031 do
155 969 219 1044 tibi,
241 987 354 1049 perque
375 967 463 1030 fidem
485 979 669 1051 cognataque
690 977 812 1052 pectora
833 968 969 1050 supplex,

95 1073 150 1137 per
171 1071 296 1133 superos
317 1071 380 1127 oro,
402 1053 500 1134 patrio
521 1063 555 1116 ut
576 1055 687 1117 tuearis
709 1071 809 1116 amore

96 1147 126 1200 ct
147 1137 220 1198 mibi
241 1137 382 1200 sollicitae
403 1136 532 1200 lenimen
554 1140 640 1202 dulce
661 1146 799 1202 senectae
1125 1148 1172 1199 tot)

96 1239 184 1303 quam
205 1221 344 1302 primum,
367 1222 465 1283 omnis
486 1223 542 1284 erit
563 1223 650 1285 nobis
670 1243 754 1287 mora
775 1223 875 1303 longa,
897 1221 1042 1284 remittas.

93 1317 127 1368 tu
149 1324 268 1387 quoque
290 1325 378 1388 qnam
401 1306 539 1389 primum,
561 1308 631 1369 satis
653 1318 699 1370 est
720 1308 825 1391 procul
848 1326 912 1370 esse
933 1324 1077 1383 sororem,

94 1390 120 1452 si
142 1392 236 1474 pietas
257 1390 316 1453 ulla
339 1400 393 1466 est,
414 1393 449 1454 ad
471 1410 529 1465 me,
552 1391 723 1468 Philomela,
745 1389 860 1456 redito?

93 1475 251 1539 mandabat
272 1478 440 1559 pariterque
461 1495 533 1539 suae
554 1475 640 1539 dabat
661 1477 762 1539 oscula
783 1488 879 1552 natae,

95 1571 125 1624 et
145 1561 282 1624 lacrimae
303 1563 389 1624 mites
409 1563 488 1624 inter
508 1562 643 1624 mandata
664 1561 816 1624 cadebant

94 1656 186 1728 utque
207 1648 265 1709 lida
286 1647 396 1728 pignus
417 1648 542 1717 dextras,
555 1647 709 1727 utriusque
731 1645 869 1728 poposcit

93 1732 173 1794 inter
194 1750 285 1811 seque
306 1731 387 1793 datas
407 1731 504 1792 iunxit
526 1742 681 1812 natamque
704 1740 902 1812 nepotemque

93 1816 230 1879 absentes
251 1834 306 1896 pro
329 1835 362 1877 se
382 1817 507 1876 memori
529 1828 614 1895 rogat
635 1835 686 1877 ore
707 1815 852 1891 salutent3

94 1917 326 1983 supremumque
346 1900 410 1961 vale
431 1899 521 1980 pleno
544 1900 722 1979 singultibus
744 1919 796 1962 oro

94 1985 140 2047 rix
162 1985 234 2047 dixit
254 1985 411 2065 timuitque
433 2004 503 2046 suae
524 1985 674 2065 praesagia
695 1985 813 2046 mentis.

94 2079 127 2132 ut
147 2069 238 2133 semel
260 2069 387 2150 inposita
409 2080 453 2131 est
475 2070 570 2150 pictae
593 2069 752 2132 Philomela
775 2068 901 2140 carime,

94 2156 301 2235 admotumque
322 2156 430 2216 lretum
453 2155 542 2217 remis
564 2155 710 2235 tellusque
731 2153 848 2235 repulsa
872 2163 927 2228 est,

90 2234 234 2302 ‘vicimus’
260 2239 411 2315 exclamat,
429 2235 561 2301 ‘mecum
582 2258 646 2301 mea
670 2250 733 2301 vota
755 2233 901 2300 lernntur’

94 2325 261 2405 exultatque
283 2334 312 2386 et
333 2325 379 2385 vix
400 2325 498 2385 animo
521 2344 573 2386 sua
595 2325 699 2404 gaudia
721 2324 820 2386 dillert

93 2409 243 2471 barbarus.
282 2418 311 2470 et
331 2428 476 2490 nusquam
498 2408 597 2471 lumen
620 2411 775 2490 detorquet
797 2409 833 2470 ab
856 2408 916 2480 illa,
1121 2414 1169 2464 515

93 2513 154 2557 non
175 2493 270 2568 aliter,
294 2512 381 2574 quam
403 2513 471 2555 cum
493 2495 618 2575 pedibus
640 2495 796 2575 praedator
819 2492 946 2555 obuncis

93 2579 229 2660 deposuit
252 2579 321 2640 nido
343 2577 475 2659 leporem
496 2580 573 2640 lovis
595 2579 708 2641 alesin
730 2579 804 2641 altos

93 2664 173 2726 nulla
195 2665 264 2742 loga
287 2672 330 2724 est
353 2673 448 2745 capto,
470 2673 584 2745 spectat
605 2682 657 2726 sua
679 2664 809 2745 praemia
831 2672 944 2744 raptor.

92 2751 208 2829 iamque
230 2749 286 2810 iter
309 2749 456 2820 ellectum,
478 2750 595 2829 iamque
617 2750 647 2809 in
670 2768 723 2811 sua
745 2750 830 2811 litora
851 2748 937 2809 sessis

91 2835 243 2916 puppibus
266 2833 405 2907 exierant,
428 2852 495 2895 cum
519 2853 570 2896 rex
593 2833 743 2896 Pandione
768 2844 866 2895 natam
1122 2838 1169 2889 529

90 2920 122 2980 in
144 2917 257 2980 stabula
279 2918 337 2979 alta
359 2918 457 2993 trahit,
479 2919 559 2979 silvis
580 2919 705 2981 obscura
726 2920 858 2993 vetustis,

90 3014 179 3085 atque
200 3003 241 3064 ibi
264 3003 422 3084 pallentem
445 3004 647 3084 trepidamque
669 3014 697 3066 et
719 3015 826 3067 concta
847 3003 1001 3064 timentem

92 3089 198 3149 etiam
221 3106 289 3150 cum
312 3087 448 3160 lacrimis,
470 3089 521 3149 ubi
543 3090 581 3150 sit
602 3108 750 3168 germana,
772 3098 927 3167 rogantem

92 3172 216 3234 includit
236 3173 389 3253 lassusque
411 3174 492 3234 nolas
515 3183 543 3234 et
564 3174 706 3253 virginem
728 3184 758 3235 ct
779 3190 870 3235 unam

540 3307 595 3359 dies
804 3305 834 3358 o'
1084 3330 1086 3334 »

158 3375 209 3426 490
235 3372 327 3425 odrisis
354 3370 370 3424 i.
438 3377 489 3426 494
514 3375 614 3427 luxerat
641 3371 657 3426 λ
724 3377 774 3428 495
803 3374 901 3426 aborlis
924 3372 950 3423 44
1003 3370 1036 3422 ab
1061 3365 1166 3421 ortisl

91 3440 247 3494 ratast>
299 3438 418 3495 satol
474 3445 522 3495 494
541 3450 568 3495 et
585 3444 673 3495 Heius.
707 3444 775 3495 utrl
836 3445 885 3494 498
903 3436 1120 3509 pqullelllllllplidem
1138 3434 1165 3487 44

92 3512 141 3562 599
158 3508 311 3562 sollicitet
356 3509 482 3562 sollicitae
499 3511 589 3562 Heius.
641 3514 691 3564 506
708 3514 748 3564 sr'c
764 3513 920 3563 Prirctamu
969 3514 997 3560 nt
1015 3505 1076 3559 lidei
1093 3521 1120 3572 p.
1137 3503 1162 3555 d.

92 3578 253 3644 utrasqneA
321 3581 370 3630 sot
389 3584 534 3646 nepotemqr
553 3581 588 3647 ((4;
607 3597 643 3631 ee·
660 3595 730 3632 corr.
747 3578 783 3643 44)
853 3581 902 3631 tot
921 3573 1056 3629 salntetll
1114 3574 1165 3625 509

91 3644 149 3697 rale
167 3649 192 3712 (e
210 3662 226 3696 a
243 3661 278 3699 ra.
289 3645 315 3709 2)
328 3645 353 3696 bl
406 3650 454 3699 544
473 3651 500 3699 at
517 3647 591 3699 simul
609 3644 625 3699 i
675 3651 726 3702 512
743 3648 928 3714 immotumque
943 3644 994 3710 444,
1012 3659 1083 3695 corr.
1100 3640 1167 3692 m.2

938 3730 987 3782 lin
1135 3733 1139 3741 '

91 3799 141 3850 546
159 3796 295 3864 praedator
312 3797 416 3852 aduncis
433 3803 463 3850 ia
479 3817 565 3867 nmrg.
583 3801 621 3854 444
685 3801 822 3858 aduncisc
886 3803 934 3854 544
954 3798 987 3850 ab
1005 3795 1031 3848 44
1098 3791 1166 3847 abl.

90 3865 116 3918 in
134 3865 188 3918 alto
206 3882 257 3918 om.
275 3862 316 3929 2¹,
337 3867 398 3918 add.
415 3883 450 3919 m.
467 3886 519 3921 rec.
583 3873 632 3923 549
651 3869 770 3923 ellectum
787 3865 862 3923 esti
927 3869 978 3920 524
996 3864 1070 3917 netas
1086 3863 1166 3929 virgi-

87 3930 183 3985 nem),
232 3931 365 3985 noall¹i
416 3936 526 3989 unalll²
