2692 4230
130 166 173 204 vm
386 189 433 209 ,--,
508 210 511 224 3
569 152 749 210 PRAEFATIO

50 248 108 289 ..ι
456 242 492 292 ,a

53 306 59 317 .

64 333 70 345 ‘
127 352 163 393 ex
184 333 274 394 altero
297 332 454 392 deductum
477 349 535 390 non
560 348 624 390 esse
645 329 714 391 satis
735 337 858 390 constet.
896 330 996 410 ltaque
1018 330 1191 391 Laurentia-

127 434 199 478 num
215 417 321 476 librum
336 425 365 475 et
383 415 561 475 Marcianum
581 414 690 490 quique
705 412 842 474 Marciani
858 434 951 494 paene
973 415 1115 496 gemellus
1137 425 1191 486 est,

35 497 71 570 (3
126 500 344 561 Londiuensem
373 498 407 557 ad
436 497 512 558 idem
540 496 709 557 referendos
731 515 794 558 esse
817 500 1007 581 archetypum
1029 500 1097 562 satis
1118 506 1190 578 puto

126 592 236 663 patere.
846 582 892 595 “

211 666 296 738 Quod
327 667 411 744 quale
439 665 526 725 luerit
551 663 628 726 haud
653 666 770 728 dillrcile
791 676 836 728 est
857 670 1020 732 enucleatu.
1065 669 1190 731 Saeculo

108 706 208 813 lenim
224 749 263 811 lX
285 751 371 828 pardo
395 749 534 811 vetustius
555 768 571 809 a
593 751 710 813 sincero
733 753 908 831 integroque
930 763 1011 815 textu
1035 772 1123 833 quem
1146 754 1190 815 di·

126 846 199 897 cunt
214 835 356 896 Ovidiano
373 854 431 895 non
448 835 486 894 ita
508 853 596 913 parvo
616 837 742 899 distabat
763 837 923 898 intervallo.
960 840 1034 900 Nam
1049 849 1082 899 ut
1103 839 1190 899 omit·

56 975 73 1002 χ
127 929 184 980 tam
207 919 338 991 scholiis,
368 918 472 999 glossis
494 920 732 986 interlinearibus
753 920 1032 1002 marginalibusque,
1056 925 1189 1003 interpo-

125 1005 284 1066 lationibus
313 1006 363 1078 (cl.
393 1023 418 1064 e.
445 1023 489 1084 gr.
512 1004 576 1066 Vlll
599 1007 648 1071 86.
671 1008 745 1072 681.·
765 1008 835 1072 696.
858 1004 898 1066 Xl
920 1007 990 1069 292.
1014 1010 1102 1083 473),
1130 1008 1189 1069 situ

126 1088 252 1168 denique
276 1108 310 1150 ac
337 1098 501 1168 ternporum
529 1092 635 1152 iniuria
663 1093 753 1154 multa
780 1093 869 1155 luisse
898 1089 1069 1168 obscurata,
1098 1093 1189 1153 multa

126 1174 296 1254 depravata,
324 1173 420 1235 scriba
442 1184 500 1236 tam
523 1174 713 1256 neglegenter
735 1177 832 1239 ollicio
854 1175 1006 1250 satisfecit,
1029 1185 1062 1236 ut
1084 1197 1122 1238 ne
1140 1178 1188 1238 lit·

126 1268 254 1320 terarum
276 1259 394 1339 quidem
416 1259 521 1322 ductus
542 1261 614 1322 satis
636 1261 790 1341 diligenter
811 1261 992 1342 depingeret.
1028 1259 1101 1320 Nam
1120 1279 1189 1322 cum

80 1417 81 1428 χ
125 1342 234 1406 librum
266 1343 445 1407 describeret
470 1345 576 1424 litteris
600 1345 768 1425 maiusculis
796 1348 996 1424 conpositum,
1026 1344 1188 1405 litterarum

125 1427 149 1489 E
165 1428 230 1501 etl,
245 1429 258 1490 l
273 1429 350 1504 etL,
374 1419 477 1491 CetC
498 1421 590 1507 sigua,
613 1446 688 1506 quae
709 1419 764 1490 etsi
784 1431 870 1491 haud·
881 1430 919 1490 ita
941 1447 1121 1510 magnopere
1142 1427 1189 1488 iu·

125 1522 171 1574 ter
192 1533 223 1576 se
246 1512 405 1587 distabant,
435 1513 580 1574 distabant
602 1521 714 1587 tamen,
744 1522 802 1574 tam
823 1531 910 1593 saepe
931 1515 1127 1588 conmutavit,
1157 1521 1190 1574 ut

126 1598 189 1660 aliis
210 1617 329 1679 quoque
351 1598 381 1658 in
405 1597 492 1660 rebus
514 1597 681 1678 saepissime
704 1616 771 1659 eum
793 1598 933 1659 erravisse
955 1599 1033 1659 haud
1051 1600 1188 1660 inmerito

125 1702 291 1763 suspiceris.

59 1824 63 1847 ³
209 1768 253 1828 Ex
275 1788 309 1830 eo
333 1767 422 1847 igitur
444 1770 525 1828 lonte
548 1767 611 1846 ipso
631 1768 748 1831 deducti
762 1778 831 1831 suut
845 1769 896 1847 qui
911 1767 1104 1850 stuni
1119 1776 1190 1828 sunt

56 1856 75 1937 t
125 1862 155 1914 et
170 1853 272 1940 optimi
288 1872 323 1914 ex
340 1862 520 1913 servatorum
537 1871 660 1912 numero
676 1852 743 1914 libri
758 1853 954 1914 Londiuensis
969 1862 999 1913 et
1014 1853 1188 1914 lllarciauus.

210 1938 417 2016 Fragmentum
441 1936 629 1998 Londiuense
652 1939 745 1998 musei
767 1937 942 2010 Britannici,
966 1939 1045 2015 quod
1068 1937 1189 1999 Carolus

126 2022 261 2083 Dziatzko
291 2040 374 2081 meus
397 2021 472 2081 lelici
494 2039 583 2080 manu
613 2020 739 2097 invenit,
769 2022 859 2083 codex
881 2030 926 2082 est
947 2021 1189 2082 membranaceus

124 2108 168 2181 (n.
193 2108 307 2183 11967)
337 2105 445 2167 saeculi
467 2105 492 2165 X
514 2106 557 2166 rel
576 2104 624 2165 Xl.
669 2105 807 2169 Continet
835 2105 911 2167 loliis
933 2105 1024 2165 XXIX
1046 2106 1188 2166 maximae

125 2191 246 2265 lormae,
268 2209 395 2270 quorum
410 2191 522 2269 singula
539 2199 608 2251 sunt
623 2209 759 2252 versuum
773 2192 1036 2272 quadragenorum,
1052 2191 1188 2251 autholo-

89 2295 100 2336 ι
125 2277 202 2356 giam
217 2276 298 2356 quasi
315 2276 459 2354 quandam
474 2295 509 2335 cx
524 2275 798 2356 metamorphoseon
813 2277 896 2337 libris
912 2276 1088 2354 decerptam,
1104 2276 1188 2336 cuius

125 2362 210 2422 hodie
239 2363 311 2422 haec
340 2370 499 2440 supersunt
524 2363 699 2439 fragmenta:
729 2360 1021 2443 11833÷8753111
1048 2362 1187 2434 1—5103

126 2445 163 2505 lv
180 2445 361 2520 aaa-8033
384 2446 406 2504 9
425 2446 563 2519 1-389;
586 2445 768 2521 588-678;
791 2446 827 2507 91
844 2445 978 2507 1-412.
1016 2445 1097 2515 Quae
1114 2463 1187 2523 pau-

126 2530 197 2593 citas
220 2548 286 2591 cum
303 2540 423 2609 propter
436 2529 637 2608 antiquitatem
652 2530 719 2591 libri
734 2532 771 2592 sit
785 2529 1001 2609 conquerenda,
1026 2540 1085 2590 tum
1102 2546 1187 2608 egre·

124 2616 171 2695 gia
200 2615 268 2677 lacit
296 2615 455 2676 lectionum
485 2614 573 2687 ratic,
604 2623 636 2674 ut
664 2635 698 2676 eo
728 2616 819 2696 magis
846 2615 1006 2695 lugeamus.
1057 2613 1187 2674 Dubitari

126 2702 205 2762 enim
229 2700 345 2778 nequit,
369 2701 454 2778 quin,
483 2719 549 2759 cum
572 2701 787 2762 accuratissime
807 2701 844 2761 sit
866 2701 1017 2778 scriptum,
1040 2700 1131 2778 gradu
1155 2709 1188 2758 ut

126 2786 164 2847 ita
185 2786 278 2846 dicam
301 2785 423 2863 propius
444 2785 561 2844 accedat
584 2785 618 2844 ad
648 2786 836 2866 archetypum
864 2785 949 2858 illud,
979 2785 1057 2846 unde
1085 2802 1188 2844 omnes

51 2869 80 2935 *l*
125 2871 175 2950 qui
204 2870 321 2948 quidem
343 2869 536 2930 innotuerunt
558 2870 831 2950 bletamorphoseon
858 2870 949 2932 libros
970 2869 1188 2948 manuscriptos

28 2967 41 3018 Ξ
81 2957 94 3017 l
125 2973 257 3016 manasse
282 2954 448 3025 docuimus,
477 2954 671 3033 fragmentum
693 2955 880 3017 Londiuense
902 2972 988 3035 quarn
1011 2955 1073 3033 ipse
1095 2951 1188 3013 codex

126 3040 298 3101 Marcianus.
340 3039 424 3109 Quod
448 3058 483 3099 ne
503 3035 639 3118 pltrribus
660 3057 879 3120 persequamur,
901 3039 1013 3112 confer,
1036 3038 1060 3098 si
1083 3039 1187 3117 placet,

125 3143 198 3204 quae
219 3125 356 3185 adnotata
377 3133 446 3185 sunt
468 3125 502 3183 ad
526 3123 561 3184 VI
585 3125 634 3187 58.

211 3209 307 3271 Codex
330 3220 513 3282 ,conventus
534 3209 563 3270 S.
580 3209 668 3270 llarci
684 3208 718 3269 de
734 3207 880 3271 Florentia
903 3207 1014 3270 ordinis
1036 3207 1186 3287 praedica-

125 3305 233 3366 torum,
256 3313 343 3373 quem
365 3294 465 3354 habuit
487 3295 521 3354 de
544 3294 703 3355 hereditate
719 3293 827 3355 Nicolai
847 3293 883 3354 dc
905 3293 1014 3354 Nicolis
1037 3293 1186 3353 lloreutini

125 3379 390 3451 i·iridoctissi1ni“,
419 3379 533 3439 saeculo
555 3378 594 3438 XI
617 3388 765 3452 exaratus,
795 3378 961 3458 quindecim
984 3377 1187 3457 quaternioni-

127 3465 182 3527 bus
204 3463 359 3544 diligenter
380 3463 541 3542 insignitis,
570 3482 696 3542 quorum
718 3473 814 3524 tamen
837 3463 957 3524 ultimus
978 3463 1047 3523 lulio
1071 3472 1115 3524 cst
1136 3463 1188 3522 de·

126 3559 272 3622 curtatus,
300 3548 496 3628 conplectitur
517 3550 767 3628 metamorplroses
789 3566 882 3626 usque
903 3548 938 3608 ad
966 3566 1082 3609 versum
1111 3546 1187 3616 {XIV

126 3636 216 3709 830)t
242 3627 324 3695 ‘lrim
354 3633 536 3694 adhersiliem
565 3633 743 3695 descendere
771 3633 860 3695 limite
890 3630 1000 3694 curvo'.
1046 3632 1187 3712 Singulae

126 3719 250 3799 paginae
278 3718 361 3778 initio
384 3736 518 3779 versuum
541 3727 610 3779 sunt
632 3722 681 3793 41,
704 3737 720 3778 a
743 3719 812 3780 lolio
835 3737 915 3778 nono
939 3737 1031 3796 usque
1054 3718 1089 3777 ad
1113 3718 1188 3778 duo·

126 3805 270 3865 decimum
293 3805 343 3874 42,
366 3802 433 3863 inde
457 3804 606 3882 usquead
628 3804 729 3864 lolium
750 3812 864 3865 sextum
886 3803 1031 3864 decimum
1054 3804 1103 3874 43,
1120 3813 1188 3881 post

104 3885 156 3939 53.
207 3886 309 3943 Codar
336 3897 382 3946 est
405 3889 488 3963 luter
508 3888 695 3952 dilllcillimos
716 3889 803 3952 lectu.
847 3889 919 3950 Nam
943 3897 973 3948 ut
994 3888 1071 3948 haud
1093 3905 1188 3967 pauca
