2692 4230
139 122 237 164 nmmo.
266 80 360 165 rannus
579 111 621 177 lll,
639 113 785 167 tto-tto.

137 279 258 345 territus
280 282 420 345 Aeacides
442 301 459 342 a
481 299 608 362 corpore
630 281 767 346 bracchia
790 284 885 347 solvit

137 364 223 448 isque
243 367 316 430 deos
337 365 434 449 pelagi
454 365 523 426 vino
546 383 636 449 super
657 387 786 449 aequora
808 371 874 433 lusu

138 458 168 513 ct
188 452 307 534 pecoris
328 450 411 512 dhris
433 460 462 510 et
483 450 566 513 iumo
590 453 666 516 turis
687 454 798 531 adorat,

137 535 233 599 donec
256 533 431 616 Carpathius
452 535 550 598 medio
573 537 610 600 de
632 538 751 618 gurgite
772 546 852 601 rates

133 614 299 695 ‘Aeacide',
321 618 395 680 dixit
412 611 563 683 ‘thalamis
586 623 700 704 potiere
721 622 838 704 petitisl

138 713 170 768 tu
192 706 292 778 modo,
314 720 382 764 cum
403 704 499 784 rigido
522 707 619 788 sopita
641 705 767 786 quiescit
788 707 820 768 in
842 713 939 784 antro,

137 789 269 870 ignaram
291 786 405 868 laqueis
425 789 582 872 vincloque
604 791 725 852 innecte
747 791 853 852 tenaci.

137 894 193 937 nec
214 883 243 934 te
265 871 392 955 decipiat
413 884 533 939 centum
555 874 679 936 mentita
702 874 822 953 liguros,

137 959 188 1021 sed
211 975 323 1040 preme,
346 960 488 1041 quicquid
510 959 576 1034 erit,
599 957 670 1019 dum
692 959 773 1039 quod
795 957 851 1020 luit
872 966 951 1032 ante,
972 954 1129 1021 reformet?

136 1043 249 1105 dixerat
268 1043 342 1106 haec
363 1045 488 1107 Proteus
510 1053 539 1105 ct
561 1042 695 1106 condidit
715 1060 846 1125 aequore
865 1040 979 1104 vultum

136 1125 311 1209 admisitque
332 1148 403 1191 snos
426 1129 457 1189 in
480 1127 568 1190 verba
591 1127 749 1191 novissima
771 1128 888 1191 ductus.

137 1230 250 1292 pronus
272 1222 336 1276 erat
357 1212 443 1275 Titan
465 1212 667 1294 inclinatoque
689 1212 809 1275 tenebat

135 1296 314 1380 Hesperium
336 1307 456 1360 temone
478 1298 598 1373 fretum,
621 1316 689 1359 cum
712 1298 837 1378 pulchra
858 1296 966 1360 relecto

133 1380 237 1444 Nerets
259 1383 426 1462 ingreditur
447 1391 589 1444 consueta
610 1380 720 1444 cubilia
742 1400 822 1442 saxo.

135 1467 182 1528 rix
203 1466 280 1528 hene
301 1467 449 1546 virgineos
470 1465 578 1528 Peleus
599 1465 744 1528 invaserat
765 1475 856 1541 artus,

135 1551 185 1614 illa
207 1560 295 1613 novat
317 1550 443 1622 formas
458 1549 553 1613 donec
575 1569 628 1613 sua
650 1548 782 1613 membra
803 1550 898 1612 teneri

134 1636 225 1698 sentit
246 1643 277 1696 et
299 1634 333 1715 in
349 1643 451 1716 partes
473 1635 601 1698 diversas
622 1635 759 1698 bracchia
782 1635 872 1698 tendi.

135 1732 198 1782 tum
220 1720 340 1781 demum
362 1720 521 1799 ingemuit:
541 1713 669 1801 ‘neque'
692 1721 733 1782 ait
752 1713 831 1782 ‘sine
854 1720 977 1782 numine
997 1711 1103 1783 vincis'

136 1803 265 1867 exhibita
287 1812 391 1886 estque
412 1805 523 1866 Thetis.
568 1804 736 1867 confessam
758 1803 946 1886 amplectitur
966 1805 1055 1869 heros

136 1899 166 1952 et
189 1889 302 1972 potitur
323 1890 399 1951 votis
420 1888 594 1970 ingentique
615 1888 713 1972 inplet
734 1889 858 1952 Achille.
916 1910 919 1916 ·
1169 1901 1212 1952 265

221 1974 304 2036 Felix
326 1985 355 2038 et
378 1983 457 2050 nato,
479 1972 549 2036 lelix
571 1982 599 2036 et
621 1975 750 2055 coniuge
771 1974 878 2037 Peleus

134 2068 163 2121 et
184 2060 243 2135 cui,
264 2059 290 2121 si
312 2059 412 2121 demas
433 2058 558 2139 iugulati
581 2058 705 2120 crimina
727 2059 831 2134 Phoci,

134 2144 233 2206 omnia
256 2144 451 2223 contigerant
495 2144 627 2206 fraterno
650 2143 795 2223 sanguine
818 2151 935 2205 sontem

134 2228 349 2310 expulsumque
371 2228 458 2290 domo
481 2228 575 2311 patria
597 2228 757 2291 Trachinia
778 2228 868 2291 tellus

133 2313 249 2394 accipit.
292 2312 343 2374 hic
364 2331 490 2393 regnum
512 2313 577 2375 sine
599 2313 637 2389 vi,
661 2313 726 2376 sine
748 2315 838 2377 caede
859 2312 980 2393 regebat
1169 2323 1211 2374 ito

132 2397 271 2459 Lucifero
294 2397 428 2477 genitore
450 2406 530 2460 satus
551 2399 740 2480 patriumque
763 2398 891 2459 nitorem

134 2501 186 2544 ore
207 2483 307 2544 serens
329 2481 415 2563 Ceyx.
459 2482 510 2544 illo
532 2483 584 2563 qui
607 2493 742 2565 tempore
763 2491 893 2544 maestus

133 2565 340 2648 dissimilisque
363 2568 409 2630 sui
431 2569 550 2629 iratrem
572 2567 691 2648 lugebat
713 2568 893 2650 ademptum.

133 2672 192 2734 quo
215 2660 375 2735 postquam
397 2651 538 2715 Aeacides
560 2653 655 2715 lessus
677 2671 807 2734 curaque
828 2652 933 2732 viaque

132 2738 212 2799 venit
234 2748 264 2799 et
284 2737 404 2800 intrarit
426 2736 529 2819 paucis
551 2736 762 2800 comitantibus
785 2735 900 2812 urbem,
1167 2746 1209 2795 tto

133 2841 267 2904 quosque
289 2840 395 2902 greges
417 2841 569 2903 pecorum,
593 2841 668 2903 quae
690 2840 792 2884 secum
814 2829 947 2883 armenta
969 2820 1110 2894 trahebat,

131 2908 210 2969 haud
231 2907 337 2989 procul
359 2927 376 2970 a
397 2908 490 2970 muris
511 2906 567 2970 sub
590 2926 682 2990 opaca
703 2906 778 2969 valle
799 2905 930 2987 reliquit,

132 2993 217 3074 copia
240 3011 308 3055 cum
331 2992 406 3055 lacta
428 3005 473 3055 est
494 2993 621 3055 adeundi
644 2993 739 3074 prima
762 2991 890 3072 tyranni,

132 3077 294 3140 velamenta
314 3090 404 3141 manu
427 3079 625 3159 praetendens
646 3076 792 3159 supplice,
815 3077 866 3157 qui
889 3077 926 3136 sit

133 3181 251 3243 quoque
273 3172 364 3237 satus,
387 3173 545 3238 memorat;
569 3173 685 3225 tantuna
707 3181 760 3225 sua
783 3161 907 3224 crimina
930 3158 1005 3223 celat
1166 3169 1209 3219 280

200 3314 248 3364 247
268 3313 352 3380 isque]
372 3312 430 3365 inde
450 3314 538 3364 Heius.
604 3327 685 3381 usquc
704 3311 824 3364 Morkol²
892 3312 943 3364 att
961 3308 1052 3361 odorat
1069 3307 1094 3358 ht
1159 3312 1205 3361 261

131 3378 250 3443 gelido:
304 3381 450 3448 quiesceta
502 3383 551 3434 256
570 3379 660 3433 relicto
682 3382 712 3445 Α,
731 3381 882 3431 emendavit
898 3378 1017 3430 Merkel²
1068 3379 1206 3440 tocsano]

131 3452 244 3513 ponlor
308 3451 355 3501 261
377 3449 499 3512 membra]
518 3448 598 3500 iorma
617 3447 642 3499 ht
703 3451 754 3501 262
773 3448 854 3500 sensit
871 3442 888 3499 λ
906 3446 1037 3499 Plonudes
1098 3445 1209 3496 tendito

131 3515 263 3632 fanatico
315 3518 364 3568 264
378 3533 517 3584 quemne
568 3519 619 3569 266
637 3512 1037 3584 ingentemque-Achillemhl
1055 3517 1209 3578 (inmorg..·

148 3649 245 3716 ingenti
263 3650 368 3714 achille)
437 3653 487 3704 266
506 3650 583 3703 domu
601 3648 732 3718 patriae).
796 3651 903 3704 trasinia
921 3649 947 3701 hl
966 3653 1091 3715 (suuper)
1158 3651 1207 3701 276

130 3717 244 3784 regebat]
258 3718 363 3770 tenebat
375 3719 463 3769 Heim.
513 3721 563 3771 273
575 3718 815 3788 dissimilemquehl
862 3721 914 3771 276
927 3734 978 3770 ont.
991 3717 1016 3768 ll
1063 3720 1119 3770 277.
1130 3713 1208 3769 2766

130 3788 180 3839 277
198 3785 259 3838 haut
276 3789 323 3850 (eu
335 3788 547 3856 auti—animus
565 3789 592 3850 (o
604 3787 720 3854 eraclii
773 3790 823 3842 276
841 3789 954 3856 primu
1006 3786 1104 3838 tectaC
1156 3787 1207 3837 260

130 3860 272 3907 memorant
291 3853 368 3906 Iliaco
386 3856 491 3917 (erroro
509 3859 646 3923 typong)
