2692 4230
107 134 170 198 338
316 202 319 208 ,
562 143 717 208 ΜΕΤΑΜΜ.
1009 160 1178 200 ammonens

106 312 239 396 pontiore
260 314 290 378 in
314 315 448 393 interius
467 314 557 378 tellus
577 321 667 393 atque
689 314 778 388 unda,
800 317 944 392 feruntur,

107 408 137 462 ot
158 399 277 463 totidem
298 401 438 482 gravitate
459 403 562 460 camut
582 394 726 476 nulloque
746 411 898 478 premente
924 425 928 432 ·

106 483 163 546 alta
184 493 300 566 petunt·
322 495 373 548 attr
385 493 481 563 'atque
501 489 569 541 aero
590 479 696 560 purior
716 481 802 560 ignis.

107 587 182 649 quae
202 585 379 652 quamquam
400 564 495 647 spatio
517 563 638 639 distent,
660 573 757 627 umen
780 569 877 630 omnia
899 571 975 633 flunt

107 672 142 715 cx
163 655 236 736 ipsis
257 664 286 716 et
306 653 338 714 in
360 652 424 732 ipsa
445 649 564 724 cadunt,
584 648 776 730 resolutaque
797 650 885 713 tellm

105 737 137 800 in
158 738 284 820 liquidas
304 734 426 797 rarescit
444 751 544 814 aquas,
567 742 707 796 tenuatus
726 734 758 796 in
781 753 868 797 auras

105 832 231 904 atraque
252 837 338 882 umor
358 818 428 892 abit,
449 818 570 899 dempto
592 837 712 900 quoque
733 819 864 900 pondere
885 839 988 884 rursus

105 907 136 969 in
158 922 282 988 superos
302 912 353 965 ater
374 903 564 965 tenuissimus
585 903 692 966 emicat
712 903 806 982 ignes.

105 990 176 1054 inde
196 997 276 1050 retro
297 987 431 1062 redeunt,
452 987 590 1068 idemque
611 988 755 1051 retexitur
774 988 857 1050 ordo.

105 1074 183 1156 iguis
204 1073 282 1134 enim
304 1071 428 1134 densum
449 1071 592 1152 spissatus
614 1073 645 1135 in
667 1082 735 1136 atera
754 1072 868 1145 tmnut,

104 1159 175 1221 hinc
196 1157 227 1218 in
249 1174 349 1237 aquas,
371 1155 458 1219 tellus
479 1154 640 1235 glomerata
661 1158 778 1238 cogitur
798 1157 887 1219 unda.

105 1259 162 1304 uec
182 1241 296 1322 species
316 1258 369 1303 sua
390 1241 499 1322 ouiquc
519 1250 629 1316 manet,
650 1260 810 1323 rerumque
832 1241 962 1303 novatrix

105 1344 141 1388 cx
162 1325 227 1388 aliis
248 1324 319 1388 alias
341 1335 457 1406 reparat
478 1333 580 1388 natura
602 1327 722 1405 figuras,

106 1428 161 1472 nec
182 1409 260 1491 perit
279 1409 312 1471 in
333 1420 396 1473 toto
418 1411 587 1493 quicquam,
609 1413 682 1474 mihi
705 1412 824 1486 credite,
845 1410 967 1485 mondo,

105 1495 156 1557 sed
177 1495 268 1557 variat
289 1495 452 1578 faciemque
473 1505 570 1559 norat
612 1497 755 1578 nascique
775 1505 896 1558 vocatur

104 1579 239 1728 tutti
258 1580 433 1727 iiiiii
454 1597 553 1725 iffi
564 1581 645 1725 iii?
657 1581 723 1725 tti
736 1580 987 1726 222522Ϋῆ

104 1750 178 1813 hacc
197 1749 337 1812 translata
358 1746 438 1823 illuc,
460 1765 574 1810 summa
596 1756 697 1809 umen
719 1749 818 1810 omnia
840 1757 984 1811 constant.

105 1833 147 1897 nil
169 1833 304 1914 equidem
325 1832 431 1895 durare
452 1833 501 1895 diu
523 1831 579 1894 sub
601 1831 730 1912 imagine
752 1833 852 1894 eadem

105 1917 287 1982 crediderim.
328 1917 373 1979 sic
393 1918 429 1980 ad
450 1918 561 1987 sermm
581 1917 704 1980 venistis
724 1918 760 1980 ab
782 1934 865 1990 auro,

104 2001 229 2077 saecula,
251 2002 295 2064 sic
315 2003 425 2065 totiens
445 2020 529 2063 verna
550 2010 596 2064 est
618 2002 736 2064 fortuna
757 2001 900 2064 locorum.

102 2087 163 2150 ridi
185 2104 251 2165 ego,
273 2088 350 2167 quod
373 2087 467 2148 iuerat
490 2085 638 2166 quondam
660 2085 835 2148 solidissima
857 2084 952 2160 tellus,

104 2171 307 2245 metretum,
328 2171 387 2232 ridi
408 2172 499 2233 tactas
520 2188 555 2231 ex
577 2188 708 2250 aequore
729 2181 837 2238 terras:

103 2265 135 2319 et
156 2254 262 2337 procul
281 2274 299 2317 a
320 2253 425 2337 pelago
446 2255 578 2317 conchae
600 2255 718 2317 iacuere
739 2255 878 2328 marinae,

105 2350 135 2404 et
156 2350 241 2403 vetus
260 2336 379 2403 inventa'
402 2340 496 2403 estin
520 2339 674 2401 montibus
695 2358 802 2402 ancora
823 2340 961 2416 summis3

104 2426 243 2507 quodque
264 2425 319 2486 iuit
340 2443 472 2506 campus,
494 2424 598 2486 vallem
620 2424 763 2487 decursus
783 2443 925 2504 aquarum

104 2511 183 2585 iecit,
207 2517 237 2571 et
258 2509 352 2572 eluvie
374 2528 461 2571 mons
482 2517 526 2571 est
547 2509 692 2571 deductus
713 2510 744 2571 io
766 2527 893 2590 aequor3

106 2613 181 2676 eque
202 2592 341 2675 paludosa
363 2594 450 2657 siccis
470 2594 578 2656 humus
599 2603 663 2655 aret
684 2593 812 2668 harenis,

104 2696 238 2760 quaeque
259 2678 339 2741 sitim
361 2678 498 2753 tulerant,
519 2688 651 2758 stagnata
674 2678 831 2760 paludibus
851 2688 962 2740 ument.

103 2764 153 2827 hic
173 2765 271 2825 iontes
292 2771 396 2826 natura
418 2781 510 2825 noros
530 2763 638 2836 emisit,
660 2770 691 2824 at
712 2763 773 2825 illic

104 2847 218 2921 clausit,
240 2857 270 2909 et
291 2859 340 2910 aut
363 2849 429 2910 imis
449 2856 596 2910 commota
617 2847 796 2909 tremoribus
817 2847 897 2909 orbis

104 2933 225 2995 flumina
247 2932 415 3014 prosiliunt,
435 2942 488 2995 aut
509 2932 652 2994 exsiccata
673 2932 815 2994 residunt

104 3017 219 3080 sicubi
241 3027 358 3079 terreno
380 3017 477 3098 Lycus
499 3026 543 3080 cst
565 3025 673 3098 epotus
693 3016 785 3092 hiatu,

104 3102 202 3164 existit
221 3101 327 3181 procul
348 3102 420 3164 hinc
440 3101 558 3182 alioque
578 3101 743 3163 renascitur
764 3118 826 3163 ore.

104 3187 148 3249 sic
168 3185 257 3248 modo
279 3186 457 3262 conbibitur‚
478 3194 555 3248 tecto
577 3186 666 3247 modo
688 3186 805 3264 gurgite
825 3183 926 3265 lapsus
1125 3194 1169 3244 tto

101 3337 221 3456 ibim
237 3335 363 3392 ‹ttstaota
426 3338 476 3390 tto
495 3340 647 3391 tenuaturr
709 3338 828 3387 tenuatus
846 3337 914 3386 coni.
931 3333 1056 3402 Micyllus
1117 3335 1166 3387 ttt

124 3409 179 3457 at

103 3470 211 3524 habete
278 3470 390 3523 dentoh
458 3471 508 3524 250
525 3469 628 3523 demum
646 3469 765 3521 ostensu
783 3472 854 3521 coni.
871 3469 981 3537 Bentley
1049 3467 1168 3521 deorsum

103 3544 173 3591 coni.
190 3538 262 3591 Potio
329 3540 374 3592 252
397 3539 488 3591 erescit
505 3537 606 3590 abunda
629 3540 698 3589 coni.
716 3537 827 3604 Bentley
895 3540 944 3592 253
968 3538 1031 3604 [ομ]
1049 3534 1133 3587 reddit
1150 3536 1167 3587 h

103 3612 168 3659 toste
182 3605 272 3659 litorio
339 3609 389 3661 254
408 3609 473 3670 toto]
498 3611 605 3659 tantos
672 3608 723 3658 255
746 3604 914 3672 tsetesqueu
981 3607 1032 3659 264
1049 3602 1167 3656 iaceret

103 3677 153 3728 tto
171 3671 223 3742 hic]
246 3673 305 3726 hinc
329 3674 418 3727 cood.
438 3673 550 3726 Gomon.
567 3673 652 3726 uere.
721 3674 768 3726 221
795 3677 821 3725 et
845 3673 957 3753 antiquis
980 3678 1031 3725 tam
1054 3670 1169 3728 multoe

103 3743 252 3794 mmdooit
271 3741 388 3793 Merkel²
455 3742 497 3793 imi
520 3741 629 3807 urrist,
651 3739 727 3792 liius
793 3741 843 3794 att
867 3742 1002 3805 exsiccata]
1031 3743 1167 3793 ermecatr

103 3810 192 3863 lictor.
242 3811 292 3864 223
308 3815 349 3863 cst
366 3815 470 3878 potatos
482 3810 582 3862 senoco
632 3811 683 3861 224
702 3810 755 3872 ore]
773 3807 868 3861 orbeh
920 3811 969 3864 tto
986 3813 1043 3862 toto
1055 3805 1167 3860 modoh

96 3876 179 3933 modo
196 3881 297 3933 tectos
348 3878 427 3932 tacito
444 3876 521 3931 modo
539 3878 639 3929 Soosoo
