2692 4230
131 175 325 217 ichneumone.
355 175 520 214 ronrrnruus
555 159 621 226 lllV,
641 163 782 217 121-166.

130 331 238 394 Troius
259 335 382 394 Aeneas.
426 330 576 412 sacrisque
598 352 632 395 ex
655 351 736 396 more
758 333 846 397 litatis

131 417 217 484 litora
238 417 297 479 adit
319 416 452 478 nondum
475 417 598 480 nutricis
621 419 756 481 habentia
780 437 910 498 nomen..

131 503 180 564 hic
202 520 320 582 quoque
342 499 513 563 substiterat
534 513 602 584 post
622 504 716 565 taedia
739 503 827 583 longa
849 504 983 567 laborum

130 587 259 649 Neritius
280 585 440 660 Macareus,
464 605 563 649 comes
584 589 763 669 experientis
786 589 886 652 Ulixei.

131 672 278 733 desertum
301 670 448 749 quondam
470 672 574 734 mediis
596 673 621 731 is
643 672 768 752 rupibus
789 675 899 735 Aetnae

132 757 228 818 noscit
249 754 484 818 Achaemeniden
508 755 717 836 inprovisoque
737 768 887 836 repertum

131 841 226 901 rivere
246 838 378 915 miratus,
396 835 461 922 ‘qui
485 850 513 901 te
535 857 655 900 casusve
676 840 783 900 deusve

131 932 234 996 servat,
257 921 493 986 Achaemenide?
516 919 582 984 cur'
607 924 704 1004 inquit
720 918 856 986 ‘barbara
878 924 997 986 Graium

131 1026 218 1089 prora
241 1007 340 1071 vehit?
362 1009 471 1091 petitur
491 1017 585 1070 vestra
609 1028 683 1089 quae
706 1018 782 1071 terra
804 1002 937 1071 carinal'

131 1091 197 1154 talia
220 1096 383 1174 quaerenti,
405 1094 462 1154 iam
485 1111 546 1155 non
569 1094 701 1156 hirsutus
723 1094 843 1168 amictu,

132 1178 188 1239 iam
210 1198 282 1240 suus
303 1187 333 1240 et
353 1177 448 1258 spinis
470 1189 607 1241 conserto
630 1180 760 1258 tegmine
781 1178 881 1253 nullis,

131 1264 208 1325 latur
229 1263 474 1326 Achaemenides:
494 1257 615 1326 ‘iterum
637 1263 838 1345 Polyphemon
862 1274 890 1325 et
911 1262 977 1324 illos

131 1348 289 1429 adspiciam
311 1347 418 1410 fluidos
440 1350 568 1411 humano
591 1348 735 1426 sanguine
757 1349 858 1422 rictus,

131 1433 186 1493 hac
207 1432 278 1494 mibi
301 1433 325 1494 si
349 1434 447 1514 potior
468 1433 574 1494 domus
596 1442 640 1493 est
661 1432 820 1513 Ithaceque
842 1432 950 1507 carina,

131 1517 155 1576 si
178 1517 277 1578 minus
299 1520 418 1579 Aenean
441 1535 565 1578 veneror
586 1518 730 1597 genitore.
774 1535 830 1578 nec
851 1535 990 1596 umquam

132 1619 196 1663 esse
217 1603 286 1663 satis
307 1610 422 1681 potero,
445 1612 588 1682 praestem
611 1602 680 1665 licet
701 1603 809 1676 omnia,
832 1610 941 1681 gratus.

132 1687 211 1766 qnod
233 1685 339 1767 loquor
362 1694 392 1748 et
412 1689 493 1767 spiro
515 1687 688 1767 caelumque
710 1695 739 1748 et
760 1687 854 1749 sidera
876 1687 947 1748 solis

130 1771 266 1852 respicio,
290 1772 441 1853 possimne
463 1773 594 1850 ingratus
616 1781 645 1833 et
666 1773 812 1834 inmemor
834 1769 919 1833 esse?

131 1855 180 1916 ibe
202 1856 289 1931 dedit,
312 1857 392 1936 quod
414 1875 475 1918 non
497 1857 593 1918 anima
615 1858 688 1918 haec
710 1856 846 1938 Cyclopis
868 1857 898 1918 in
921 1874 972 1919 ora

129 1940 219 2013 venit,
241 1950 280 2015 et,
303 1951 337 2002 ut
359 1941 416 2003 iam
439 1960 519 2004 nunc
540 1942 641 2004 lumen
663 1941 751 2004 vitale
771 1941 947 2022 relinquam,

130 2034 181 2087 aut
203 2025 316 2087 tumulo
338 2035 390 2087 aut
412 2038 492 2088 certe
515 2046 575 2088 non
598 2026 648 2088 illa
671 2027 782 2088 condar
802 2027 832 2087 in
854 2027 928 2088 alvo.

131 2110 200 2190 quid
223 2111 295 2171 mibi
317 2119 389 2172 tunc
411 2111 501 2173 animi
524 2111 593 2187 (nisi
615 2112 640 2173 si
663 2111 751 2172 timor
772 2110 894 2172 abstulit
916 2127 1034 2172 omnem

130 2213 249 2255 sensum
272 2195 475 2275 animumque)
499 2196 565 2270 luit,
587 2214 655 2258 cum
676 2214 728 2256 ros
750 2206 850 2277 petere
871 2195 928 2257 alta
950 2194 1070 2257 relictus

131 2298 258 2359 aequora
281 2280 444 2361 conspexi?
467 2281 544 2343 volui
567 2280 736 2356 inclamare,
759 2282 809 2342 sed
832 2281 909 2343 bosti

132 2365 255 2444 prodere
276 2383 324 2425 me
346 2365 440 2426 timui.
484 2376 595 2428 vestrae
618 2385 737 2446 quoque
758 2366 869 2427 clamor
890 2365 982 2427 Ulixis

130 2468 224 2530 paene
246 2449 299 2510 rati
323 2449 433 2510 nocuit.
477 2450 544 2524 vidi,
568 2469 634 2511 cum
658 2461 758 2511 monte
780 2448 895 2512 revulso

131 2535 280 2596 inmanem
302 2533 457 2615 scopulum
479 2536 589 2596 medias
612 2535 744 2617 permisit
766 2535 797 2596 in
821 2536 923 2610 undas,

131 2620 187 2679 vidi
210 2620 315 2680 iterum
338 2618 427 2681 veluti
450 2620 589 2681 tormenti
611 2620 721 2682 viribus
743 2627 806 2682 acta

130 2715 208 2765 vasta
231 2703 374 2782 Giganteo
397 2705 572 2767 iaculantem
594 2724 661 2767 saxa
684 2706 792 2766 lacerto

131 2799 169 2861 et,
193 2807 229 2848 ne
251 2789 430 2869 deprimeret
451 2791 557 2852 fluetus
581 2801 718 2851 ventusve
741 2789 880 2860 carinam,
1160 2795 1202 2846 161

132 2872 278 2953 pertimui,
301 2874 359 2934 iam
381 2893 428 2935 me
451 2893 511 2937 non
534 2893 598 2937 esse
620 2875 728 2936 oblitus
749 2875 779 2935 in
804 2873 861 2935 illa.

203 3026 248 3075 159
267 3023 418 3075 NeritiusA
470 3023 583 3076 Neritius
598 3026 729 3075 Maian.
782 3023 864 3075 Ulixei
883 3024 899 3074 b
919 3024 1074 3074 Priscianus
1126 3021 1202 3072 ulixis

133 3090 284 3142 erculixebl
338 3091 445 3143 ulixise
501 3095 547 3146 160
566 3093 587 3143 is
606 3095 716 3156 conieci,
733 3092 785 3142 eC
837 3092 861 3142 in
879 3091 938 3141 edd.
955 3090 1118 3143 antelleius.
1170 3104 1201 3141 en

131 3162 200 3209 coni.
219 3158 319 3209 lteru²
372 3160 446 3226 quie
501 3163 543 3213 161
566 3158 791 3226 inprobisoquelll
851 3161 897 3211 161
915 3157 1020 3210 miretur
1037 3155 1062 3207 hl
1114 3159 1202 3226 quise

798 3225 899 3293 lspinis
956 3224 1054 3277 inullis

135 3296 180 3346 163
200 3292 341 3358 gratumhl
393 3298 455 3346 Ι166
474 3301 499 3345 et
535 3310 584 3346 oen

132 3361 179 3411 hec
197 3361 291 3417 mihis
352 3377 384 3413 ne
403 3311 533 3428 patiarbi
585 3379 616 3414 ne
635 3363 752 3430 potiarh
815 3363 839 3413 ni
858 3361 973 3428 potiore
1029 3360 1200 3429 ithaciquebl

131 3428 259 3495 itachique
278 3430 294 3480 b
353 3430 412 3481 itaci
430 3437 507 3496 alque
526 3450 538 3481 s
598 3435 774 3481 restituerunt
790 3446 853 3480 ona
871 3429 1032 3494 Naugerius,
1052 3429 1203 3481 Gronovius

135 3500 178 3548 111
201 3502 295 3562 prestet
313 3495 339 3548 hl
411 3502 458 3550 112
476 3497 534 3562 sid]
552 3498 679 3551 luminae
751 3502 796 3550 113
815 3497 911 3565 aspicio
930 3511 1097 3565 possumnee
1165 3497 1203 3547 in·

132 3567 237 3626 memor]
256 3565 384 3632 impiusC
456 3567 702 3629 1161111111Ῑ1111111
767 3567 851 3618 lumen
871 3567 920 3617 ism
939 3580 1020 3616 noua
1092 3569 1201 3618 1161111

132 3633 230 3684 tumulo
246 3633 335 3684 lleim.
386 3640 412 3685 ut
433 3635 491 3685 tn
543 3634 597 3700 illa]
617 3635 699 3685 ullae
754 3637 800 3686 119
819 3633 972 3700 prospexih
1028 3634 1202 3685 recreeris

135 3703 179 3753 181
200 3701 267 3766 curn]
287 3699 379 3752 iamhl
432 3709 580 3754 amentes
640 3703 802 3758 revulsums
864 3699 1091 3763 lentescunt
1156 3702 1202 3753 tet

132 3771 221 3833 perml
239 3784 314 3836 quern
332 3769 436 3820 misith
491 3772 537 3822 161
557 3769 677 3836 gigantei
688 3769 714 3834 (ri
726 3768 940 3829 inl-lacertis
956 3769 983 3832 (ri
998 3773 1016 3820 i.
1028 3768 1098 3832 r.)bl
1154 3772 1201 3822 15⁵

131 3834 211 3887 siehl
266 3837 358 3888 lluctus
377 3837 509 3903 lapisveh
564 3839 688 3890 linctusse
705 3838 834 3905 lapisvee
890 3837 982 3888 lluctus
1000 3837 1114 3889 iactnsve
1133 3841 1204 3889 coni.

134 3903 226 3956 lluetus
244 3913 369 3956 ventusve
387 3905 488 3958 Mes-ir.²
540 3906 665 3958 duetusre
684 3908 801 3974 ictusque
819 3909 892 3956 eoui„
911 3903 985 3954 Riese

585 3294 727 3346 is-villis
745 3293 769 3345 bl
831 3295 943 3360 penis-
988 3293 1091 3345 uillisb
1156 3297 1202 3346 169
