2692 4230
147 146 190 208 40
610 154 762 207 ΜΕΤΑΜΜ.
1115 171 1220 213 concurs

149 322 263 403 pellite,
286 344 324 386 ue
345 344 421 407 puro
444 325 596 405 tinguatur
616 323 646 383 iu
670 341 799 403 aequore
819 322 924 407 pelex?
1176 344 1221 394 aaa

234 409 270 471 lli
292 411 381 472 maris
402 411 582 473 adnuerant:
606 407 694 467 habili
717 408 851 471 Saturnia
873 431 963 475 curru

147 493 313 574 ingreditur
336 496 479 575 liquidum
501 490 665 572 pavonibus
685 493 801 552 aethera
824 495 919 574 pictis,

149 588 207 640 tam
232 598 329 661 uuper
351 579 438 660 pictis
459 594 544 637 caeso
566 575 730 655 pavonibus
751 577 840 653 Argo,

148 682 236 742 quam
261 675 292 724 tu
315 682 411 744 nuper
433 678 505 732 eras,
528 677 595 719 cum
618 660 759 720 candidus
780 671 849 722 aute
870 664 985 742 luisses,

57 737 60 745 ’
147 765 234 809 corve
258 749 373 828 loquax,
396 745 494 807 subito
517 745 666 821 nigrantes
688 761 789 804 versus
810 745 840 805 iu
863 748 932 811 alas.

148 851 216 894 nam
240 833 297 893 luit
319 834 391 894 haec
413 828 561 908 quondam
585 827 677 888 uiveis
698 838 835 906 argentea
858 835 966 910 pennis

146 917 217 988 ales,
240 929 273 978 ut
295 923 434 994 aequaret
454 921 530 973 totas
551 912 616 973 siue
631 912 696 973 labe
717 912 879 987 columbas,

147 1020 203 1062 uec
224 999 383 1062 servaturis
404 996 484 1075 vigili
506 996 647 1078 Capitolia
669 1016 740 1059 voce

146 1086 265 1147 cederet
285 1082 440 1144 anseribus
462 1101 518 1143 uec
539 1084 646 1145 amanti
668 1084 788 1145 flumina
811 1102 913 1165 cycno.

145 1169 246 1246 lingua
270 1167 325 1228 luit
347 1167 470 1242 damno;
494 1168 594 1247 lingua
617 1170 740 1231 faciente
762 1169 878 1250 loquaci

145 1253 196 1331 qui
220 1251 303 1312 color
324 1251 409 1313 albus
430 1262 501 1328 erat,
524 1273 605 1316 nunc
627 1264 671 1316 est
692 1254 857 1317 contrarius
878 1253 954 1316 albo.

144 1336 300 1416 pulchrior
321 1337 351 1397 in
375 1346 446 1412 tota,
469 1357 556 1420 quam
577 1340 711 1401 Larisaea
734 1338 866 1418 Coronis,

144 1439 206 1482 non
230 1422 287 1483 luit
308 1421 485 1486 Haemonia:
508 1425 618 1505 placuit
640 1424 703 1497 tibi,
724 1424 875 1505 Delphice,
896 1435 986 1499 certe,

144 1507 214 1567 dum
238 1507 283 1568 vel
306 1519 384 1570 casta
406 1509 471 1582 luit,
492 1509 537 1569 vel
559 1508 752 1570 inobservata.
794 1511 845 1570 sed
867 1510 928 1572 ales

145 1592 238 1653 sensit
259 1592 436 1655 adulterium
457 1593 633 1666 Phoebetus,
658 1603 748 1672 utque
770 1593 906 1655 latentem

144 1677 297 1754 detegeret
319 1678 446 1758 culpam,
469 1696 529 1738 non
552 1676 708 1739 exorabilis
730 1677 816 1738 iudex

143 1761 178 1822 ad
201 1762 356 1822 dominum
378 1762 517 1822 tendebat
537 1763 601 1822 iter.
646 1780 733 1841 quem
755 1763 871 1840 garrula
893 1765 981 1826 motis

144 1847 337 1925 consequitur
359 1846 477 1925 pennis,
499 1846 620 1907 scitetur
641 1857 674 1906 ut
696 1847 804 1919 omnia,
828 1850 931 1909 cornix

143 1930 301 2008 auditaque
322 1930 385 1991 viae
407 1947 494 1990 causa
512 1923 587 1989 ‘non
610 1929 682 1990 utile
705 1926 808 2009 carpis'

143 2015 241 2094 iuquit
259 2006 344 2075 ‘iterz
370 2032 406 2075 ne
428 2033 536 2095 sperne
558 2033 639 2075 meae
663 2015 810 2095 praesagia
834 2014 962 2094 liuguae.

143 2100 213 2179 quid
236 2098 343 2160 luerim
365 2099 436 2181 quid
457 2099 581 2179 simque,
605 2100 669 2160 vide
691 2101 886 2179 meritumque
907 2101 1039 2181 require:

143 2184 276 2245 invenies
298 2186 435 2246 nocuisse
456 2185 553 2246 lidem.
598 2202 665 2245 uam
688 2194 819 2265 tempore
843 2187 969 2266 quodam

143 2268 238 2330 Pallas
260 2268 496 2342 Erichthonium,
519 2269 632 2350 prolem
654 2269 717 2330 sine
740 2281 831 2330 matre
853 2283 990 2340 creatam,

143 2354 288 2415 clauserat
310 2358 418 2415 Actaeo
441 2363 516 2415 texta
538 2355 575 2414 de
598 2355 705 2414 vimine
727 2355 796 2415 cista

142 2437 365 2518 virginibusque
389 2439 482 2501 tribus
504 2439 621 2517 gemino
644 2440 680 2500 de
701 2439 831 2520 Cecrope
854 2441 932 2501 natis

142 2534 171 2584 et
193 2523 289 2601 legem
312 2524 441 2598 dederat,
464 2542 515 2584 sua
538 2543 575 2584 ne
599 2534 709 2584 secreta
731 2525 871 2585 viderent.

140 2607 237 2668 abdita
262 2609 365 2668 fronde
387 2608 441 2670 levi
464 2610 554 2670 densa
576 2608 749 2689 speculabar
769 2609 804 2669 ab
828 2610 919 2683 ulmo,

141 2693 212 2772 quid
235 2694 376 2754 lacerent.
420 2695 574 2755 commissa
596 2695 671 2755 duae
692 2695 755 2754 siue
778 2695 877 2755 fraude
900 2703 1029 2769 tuentur,

140 2777 309 2839 Pandrosos
330 2788 418 2858 atque
440 2778 548 2852 Herse;
573 2779 687 2839 timidas
709 2788 791 2840 vocat
813 2798 872 2840 una
894 2797 1010 2841 sorores

140 2862 289 2940 Aglaurus
310 2864 464 2943 nodosque
485 2882 572 2924 mauu
595 2864 722 2938 diducit;
746 2874 775 2925 et
797 2865 877 2925 intus

139 2947 344 3027 infantemque
366 2948 463 3010 vident
483 2948 748 3029 adporrectumque
770 2949 936 3010 draconem.

139 3042 203 3094 acta
226 3033 297 3093 deae
319 3033 425 3094 relero.
469 3053 523 3114 pro
548 3052 606 3113 quc
629 3033 700 3094 mihi
724 3034 813 3112 gratia
835 3032 900 3095 talis

139 3117 283 3192 redditur,
306 3126 339 3179 ut
360 3118 442 3179 dicar
464 3117 551 3179 tutela
574 3117 658 3198 pulsa
681 3118 826 3179 Minervae

139 3212 169 3262 et
191 3221 287 3283 ponar
308 3211 377 3284 post
397 3203 493 3264 noctis
514 3221 604 3264 avem.
649 3222 712 3264 mea
735 3221 830 3283 poena
851 3201 987 3265 volucres

206 3423 257 3474 532
274 3352 384 3488 pavollius
409 3351 511 3473 lelllla
529 3420 554 3472 lll
594 3436 686 3476 aerae
764 3423 814 3472 534
832 3409 880 3473 tir'
896 3420 922 3472 Μ
991 3424 1039 3474 544
1058 3420 1100 3473 uel
1117 3420 1212 3478 dume

138 3560 189 3610 550
208 3553 251 3622 ne]
270 3570 351 3612 nece
402 3559 448 3609 551
469 3556 581 3608 simuee
632 3558 681 3607 553
700 3521 850 3607 creutllmhl
902 3559 952 3610 554
971 3557 1034 3609 cista
1053 3556 1084 3609 de
1103 3572 1127 3607 r.
1140 3560 1210 3609 texta

137 3643 163 3685 ις
178 3625 306 3690 portddd
323 3626 353 3675 in
370 3639 462 3689 marg.-
479 3622 631 3676 servandum
644 3622 747 3674 dederat
764 3624 801 3675 sic
818 3624 963 3677 incontessu
982 3625 1043 3693 quid
1056 3631 1125 3677 esset
1136 3621 1211 3676 ΜΨ

137 3690 291 3827 obblilllge
359 3760 409 3811 559
427 3726 567 3826 paudruslls
584 3758 609 3810 M
648 3758 818 3825 pandrasose
852 3756 1032 3826 prendascsl
1099 3761 1149 3814 560
1166 3759 1210 3811 de-

125 3893 240 3942 ducitC
288 3897 342 3946 add
355 3825 506 3962 plqllteunmlll
