2692 4230
114 148 177 212 212
557 164 559 168 “
575 154 730 210 ΜΕΤΔΜΜ.

116 328 224 394 vulnus
243 329 363 412 utrique
384 326 474 391 dedit.
517 325 570 403 eqd
592 331 656 386 erat
680 324 786 388 dducia
804 327 920 410 dispart

118 414 289 497 coniugium
310 422 473 497 pactaeque
495 416 649 488 exspectat
671 415 805 490 tempora
826 414 928 477 taedae

114 519 264 586 quamque
283 499 380 561 virum
401 500 488 575 putat
508 509 584 566 essa,
606 491 703 554 vnum
717 491 789 556 iore
811 498 906 560 credit
927 497 1048 560 lanthe:

115 585 198 668 lphis
219 593 307 658 amat,
330 597 387 661 qua
408 594 498 658 posse
520 575 579 639 irui
601 577 750 658 desperat,
772 587 911 661 clanget
1147 592 1190 643 'lto

116 673 175 734 hoc
196 670 294 750 ipsum
316 664 458 736 flammas,
480 661 625 743 ardetque
646 661 678 724 in
700 661 815 741 virgine
835 665 928 746 virgo.

72 815 76 822 ,
117 755 222 836 vixque
243 761 350 813 tenens
371 745 507 807 lacrimas
526 740 608 828 ‘quis
630 765 679 809 me
700 755 801 808 manet
822 745 938 826 exitus’,
959 751 1055 834 inquit

114 833 246 918 ‘cognita
268 848 356 913 quam
378 829 463 905 nulli,
487 850 576 911 quam
597 831 767 913 prodigiosa
788 849 941 915 novaeque

115 941 189 991 rura
210 925 292 982 tenet
312 911 457 976 Veneris‘l
478 915 504 977 si
526 915 556 978 di
578 917 651 981 mihi
675 934 797 998 parcere
818 915 939 993 vellent,

120 1001 252 1070 naturale
272 999 382 1062 malum
404 999 510 1062 saltem
533 1011 564 1064 et
584 1003 622 1065 de
637 1020 721 1065 more
743 1000 903 1063 dedissent.

118 1108 174 1153 nec
194 1103 313 1148 vaccam
334 1102 448 1162 vaccae,
471 1104 528 1149 nec
550 1106 643 1168 equas
664 1105 748 1149 amor
767 1085 828 1148 urit
851 1104 1009 1167 equarum:

118 1173 178 1235 urit
199 1188 268 1231 ores
289 1169 376 1245 aries,
398 1172 533 1252 seqnitur
554 1191 607 1234 sua
629 1173 740 1235 femina
760 1189 889 1234 cerrum.

118 1257 162 1319 sic
184 1265 213 1317 et
233 1273 301 1317 aves
323 1265 442 1330 coeunt,
463 1256 605 1338 interque
624 1256 763 1320 animalia
784 1266 890 1319 cuncta

117 1340 226 1404 femina
247 1340 377 1402 femineo
398 1349 535 1421 correpta
557 1342 699 1423 cupidine
721 1342 802 1405 nulla
824 1353 878 1404 est.

119 1425 222 1487 vellem
244 1425 325 1488 nulla
347 1424 452 1488 iorem.
496 1444 535 1487 ne
558 1444 620 1488 non
642 1437 742 1488 tamen
764 1427 864 1489 omnia
887 1427 971 1489 Crete

119 1520 251 1573 monstra
273 1510 358 1585 ierat,
380 1518 499 1572 taurum
521 1509 624 1571 dilexit
644 1508 705 1571 filia
727 1510 814 1587 Solis,

120 1596 228 1658 semina
249 1612 358 1675 nempe
379 1610 508 1655 marem:
530 1610 617 1654 meus
638 1602 684 1655 est
705 1594 846 1656 furiosior
867 1595 931 1672 illo,

119 1681 144 1743 si
165 1697 267 1742 rerum
288 1677 473 1759 profitemur,
495 1694 588 1738 amor.
633 1686 732 1739 tamen
755 1677 804 1740 illa
825 1687 925 1740 secuta
951 1690 995 1740 est

119 1783 203 1846 spem
224 1761 358 1836 Veneris,
379 1768 478 1823 tamen
500 1761 550 1823 illa
572 1760 650 1824 dolis
672 1771 702 1824 et
722 1763 850 1843 imagine
871 1781 975 1825 vaccae

120 1867 204 1930 passa
226 1846 331 1908 bovem
354 1855 409 1920 est,
431 1856 461 1908 et
482 1856 556 1921 erat,
579 1847 630 1927 qui
651 1847 838 1929 deciperetur
859 1847 983 1911 adulter.

119 1934 180 1995 huc
200 1931 271 1993 licet
293 1949 328 1992 ex
349 1941 412 1992 toto
434 1930 564 1993 sollertia
586 1931 719 1994 confluat
739 1932 822 2008 orbe,

121 2018 186 2097 ipse
207 2016 277 2078 licet
296 2014 409 2077 revolet
430 2015 537 2078 ceratis
558 2015 705 2078 Daedalus
726 2016 790 2090 alis,

123 2101 191 2182 quid
214 2097 326 2162 lacietl
349 2118 421 2160 num
443 2117 492 2161 me
514 2118 642 2181 puerum
664 2101 702 2162 de
723 2100 837 2181 virgine
859 2101 953 2163 doctis

121 2186 235 2248 artibus
257 2181 388 2246 efficiet?
410 2201 482 2246 num
504 2194 535 2246 te
556 2184 692 2259 mutabit,
716 2181 844 2248 lanthel
1154 2195 1198 2248 ata

125 2270 197 2352 quin
219 2270 352 2331 animum
372 2271 484 2345 firmas,
506 2278 596 2350 teque
617 2270 682 2351 ipsa
703 2269 872 2349 reconligis,
894 2270 970 2352 Iphi,

124 2354 299 2436 consiliique
322 2354 428 2434 inopes
449 2364 479 2416 et
500 2353 608 2416 stultos
631 2355 745 2417 excutis
766 2352 874 2434 ignes?

124 2440 194 2521 quid
216 2440 257 2501 ais
278 2449 346 2501 nata
368 2439 444 2514 vide,
467 2438 527 2501 nisi
548 2448 578 2500 te
603 2458 724 2521 quoque
745 2439 857 2522 decipis
879 2440 982 2520 ipsam,

123 2533 153 2587 et
173 2534 241 2605 pete
263 2525 343 2605 quod
366 2524 409 2585 ias
431 2534 487 2598 est,
508 2532 538 2585 et
560 2540 625 2586 ama
648 2525 728 2605 quod
751 2526 860 2587 lomina
882 2525 981 2587 debes.

122 2627 192 2690 apes
214 2618 259 2670 est
281 2627 356 2689 quae
378 2607 484 2689 capiat,
507 2626 577 2690 spes
599 2619 644 2671 est
667 2628 742 2689 quae
764 2619 864 2690 pascat
885 2627 1030 2671 amorem:
1156 2621 1200 2670 rao

123 2695 201 2756 hanc
222 2693 276 2755 tibi
298 2711 347 2755 res
368 2692 481 2754 adimit
525 2711 588 2755 non
610 2704 640 2756 te
662 2695 795 2756 custodia
818 2712 886 2756 caro

124 2787 204 2840 arcet
224 2777 261 2838 ab
283 2775 420 2858 amplexu
442 2796 499 2839 nec
521 2777 600 2840 cauti
622 2797 694 2841 cura
715 2779 822 2854 mariti,

125 2880 186 2925 non
208 2862 301 2943 patris
321 2862 476 2942 asperitas,
499 2879 560 2923 non
583 2881 616 2924 se
637 2872 728 2944 negat
750 2864 813 2945 ipsa
834 2863 962 2942 roganti,

126 2966 181 3010 nec
203 2956 300 3009 tamen
324 2956 368 3008 est
391 2947 536 3028 potiunda
560 2946 623 3022 tihi,
647 2967 713 3023 nec,
736 2958 769 3010 ut
790 2947 889 3010 omnia
911 2949 992 3024 flant,

123 3051 190 3096 esse
212 3041 298 3112 potes
320 3030 400 3106 lelix,
422 3041 455 3093 ut
476 3032 568 3112 dique
589 3032 787 3113 hominesque
807 3032 952 3095 laborent.
1157 3043 1202 3094 aaa

126 3134 207 3178 nunc
230 3134 349 3197 quoque
371 3124 509 3178 votorum
532 3115 615 3179 nulla
638 3128 683 3180 est
705 3137 774 3199 pars
794 3136 868 3179 rana
889 3136 1034 3191 meorum,

124 3285 327 3336 omimium
343 3281 419 3333 Ilieae
488 3285 539 3335 '123
558 3284 736 3351 expectanti
797 3286 847 3338 ill
866 3285 1034 3352 quemqned
1089 3249 1157 3352 pitat
1175 3284 1200 3335 ll

125 3359 200 3404 suun
218 3349 273 3402 lore
291 3349 349 3401 odd.
367 3354 430 3402 oett.
484 3349 539 3402 lore
559 3348 644 3402 onai.
709 3351 813 3404 ianthen
831 3356 858 3416 (n
875 3355 894 3403 i.
912 3369 935 3405 r.
953 3353 962 3414 )
979 3350 1005 3403 Μ
1068 3354 1118 3405 ’125
1136 3354 1201 3421 qua's

126 3416 177 3472 lla
198 3419 266 3470 aare
278 3418 356 3474 atas
373 3423 400 3469 el
416 3421 446 3470 in
462 3433 551 3483 marg.
564 3417 590 3469 M
608 3421 797 3472 mechabaal:
815 3435 919 3487 parcere
937 3419 1084 3484 debuerant,
1102 3421 1124 3472 si
1142 3436 1202 3486 non,

126 3484 276 3552 siqudem
294 3484 399 3538 vellent.
430 3501 499 3552 quoe
517 3485 676 3540 adulterino
691 3505 745 3538 ecre
762 3491 890 3553 cognovit
901 3488 989 3540 lirim.
1052 3490 1101 3542 idi
1119 3502 1201 3556 neque

128 3565 244 3738 'qq'ria'sdi
298 3617 451 3739 mmai
478 3552 608 3703 lgentgum
662 3619 759 3676 cettei
810 3625 858 3703 idi
873 3623 1019 3676 leratcorr.
1037 3622 1202 3723 colerentnlgl

127 3688 315 3837 ,arma
334 3687 987 3879 lai,erar‘egoqqlt‘attmr
1005 3695 1204 3834 *naon

611 3843 707 3880 nerra

123 3849 227 3956 {asma
277 3907 327 3945 non
341 3888 455 3945 lamani
508 3895 558 3947 iit
572 3894 730 3962 potiendall
777 3890 926 3963 poliendai
972 3895 1205 3959 'liorana1unaai
