2692 4230
137 162 259 205 amenta.
288 165 417 204 orsoenos
467 149 534 217 xli,
552 151 695 206 eto-851.
724 149 780 220 itu,
801 153 891 208 1-21.

138 321 274 402 coniugis
295 342 346 386 ora
368 322 450 385 mibi.
494 342 570 403 quae
592 325 727 388 simodo
750 342 839 407 posse
858 323 958 386 videre

137 407 195 470 iata
217 407 307 470 semel
328 408 472 481 dederint,
495 408 610 473 caelum
631 411 781 493 accepisse
801 403 942 473 videbor?

137 511 307 565 noemma,
328 491 489 554 Romuleos
511 513 578 557 cum
600 496 715 575 virgine
736 496 937 559 Thaumantea
1168 508 1230 559 8⁴5-

137 577 303 658 ingreditur
325 573 424 640 colles.
468 578 510 641 ibi
532 581 614 643 sidus
634 574 672 642 ab
692 581 813 643 aethere
834 580 949 663 lapsum

136 662 246 725 decidit
266 662 297 723 in
319 669 427 739 terras3
450 683 468 725 a
490 665 577 727 cuius
598 663 712 726 lumine
733 665 863 744 flagrans

136 746 280 809 Hersiliae
301 743 393 808 crinis
413 767 482 811 cnm
504 749 599 812 sidere
620 748 710 810 cessit
731 749 762 809 in
784 767 881 811 auras.

136 830 215 893 hanc
235 827 372 892 manibus
394 835 472 897 notis
493 833 643 895 Romanae
665 832 803 894 conditor
824 832 907 895 urbis

137 913 245 995 excipit
267 923 296 976 et
317 915 447 996 priscum
470 918 582 999 pariter
603 934 671 978 cum
693 934 820 998 corpore
842 935 951 979 nomen
1167 927 1211 979 850

135 1007 228 1060 mutat
251 997 420 1085 Horamque
441 1012 536 1077 vocat,
558 1019 634 1082 quae
657 1018 739 1063 nunc
760 1001 814 1063 dea
835 1000 936 1064 iuncta
959 1002 1082 1074 Quirino
1105 1013 1158 1066 est.

363 1489 505 1575 LIBER
531 1489 735 1575 oblutus
761 1489 981 1576 uiduus,

220 1662 377 1735 Quaeritur
398 1661 512 1725 interea
534 1662 602 1744 quis
624 1671 723 1725 tantae
745 1663 877 1745 pondera
899 1661 986 1726 molis

135 1747 277 1810 sustineat
299 1755 441 1828 tantoque
463 1757 552 1828 queat
573 1748 733 1810 succedere
754 1748 827 1828 regi.

133 1832 260 1895 destinat
280 1831 406 1913 imperio
427 1832 541 1896 clarum
562 1833 739 1914 praenuntia
760 1833 820 1896 veri
861 1896 864 1902 ,

133 1917 209 1980 lama
230 1917 366 1980 Numam.
409 1935 471 1979 non
494 1917 544 1979 ille
565 1918 635 1980 satis
656 1936 801 1998 cognosse
823 1917 950 1981 Sabinae

133 2003 231 2082 gentis
251 2002 339 2064 babet
359 2002 449 2064 ritus:
472 2003 572 2064 animo
594 2003 704 2064 maiora
731 2002 832 2084 capaci

133 2087 266 2168 concipit
287 2095 326 2162 et,
348 2104 424 2166 quae
445 2085 484 2148 sit
504 2105 604 2150 rerum
628 2096 743 2162 natura,
765 2087 899 2168 requirit.

132 2173 222 2234 huius
243 2188 327 2232 amor
348 2189 446 2247 curae,
468 2172 563 2252 patria
584 2171 772 2253 Curibusque
792 2171 915 2247 relictis,

133 2257 212 2332 iecit,
234 2264 267 2318 ut
289 2254 426 2318 Herculei
451 2265 620 2337 penetraret
639 2258 676 2319 ad
699 2257 825 2339 hospitis
847 2257 960 2320 urbem.

134 2341 220 2404 Graia
243 2342 310 2422 quis
331 2340 440 2404 Italicis
460 2351 566 2405 auctor
587 2342 736 2423 posuisset
757 2343 789 2404 in
812 2343 873 2404 oris

133 2427 261 2500 moenia,
283 2426 438 2505 quaerenti
459 2425 542 2487 sice
563 2425 731 2488 senioribus
752 2444 832 2488 unus

133 2509 246 2572 rettulit
267 2510 424 2589 indigenis,
446 2511 553 2573 veteris
575 2530 636 2572 non
659 2510 772 2572 inscius
791 2511 870 2573 aeri:

130 2589 224 2657 ‘dives
245 2595 283 2657 ab
307 2593 425 2657 Oceano
448 2594 545 2658 bobus
566 2595 634 2657 love
657 2603 744 2657 natus
766 2595 884 2658 Hiberis

133 2679 219 2743 litora
241 2680 319 2742 lelici
340 2679 472 2743 tenuisse
493 2679 613 2743 Lacinia
639 2698 730 2743 eursu

132 2766 226 2828 fertur
248 2775 287 2840 et,
309 2773 444 2827 armento
467 2774 585 2828 teneras
606 2773 723 2828 errante
745 2784 799 2847 per
820 2763 936 2838 herbas,

133 2850 198 2931 ipse
219 2851 339 2911 domum
362 2851 462 2929 magni
484 2869 541 2913 neo
562 2850 712 2933 inhospita
733 2861 811 2913 tecta
838 2849 975 2912 Crotonis
1178 2860 1208 2912 1⁶

133 2934 257 2996 intrasse
279 2944 309 2996 et
331 2934 434 3015 requie
455 2935 579 3016 longum
601 2937 746 2998 relevasse
768 2933 899 2997 laborem

132 3031 223 3100 atque
245 3020 284 3081 ita
306 3018 460 3082 discedens
483 3025 593 3097 „aevo“
617 3021 726 3082 dixisse
747 3028 913 3101 „nepotum

133 3104 183 3166 hic
206 3105 289 3166 locus
312 3104 395 3166 urbis
417 3105 503 3166 erit.“
549 3105 751 3187 promissaque
772 3123 839 3167 vora
861 3104 991 3166 luerunt.

132 3208 201 3251 nam
223 3189 279 3250 luit
300 3188 438 3269 Argolico
461 3199 618 3269 generatus
641 3191 784 3252 Alemone
806 3189 926 3272 quidam

134 3273 289 3354 Myscelus,
312 3273 391 3336 illius
412 3275 458 3336 dis
480 3275 701 3356 acceptissimus
726 3274 797 3336 aevi.
1179 3286 1207 3337 bt

133 3359 214 3420 hunc
236 3377 328 3440 super
350 3359 529 3422 incumbens
549 3377 684 3441 pressum
708 3360 849 3440 gravitate
869 3358 987 3442 soporis

200 3562 375 3627 eloquens
427 3561 560 3614 latebora
621 3564 670 3616 dli
689 3561 715 3612 in
734 3560 995 3613 crineseoni.1²otde
1045 3562 1207 3614 acbuius—

131 3627 235 3694 fragam
252 3627 269 3679 b
321 3631 371 3682 848
384 3629 471 3693 crinis]
488 3629 590 3683 ecliris
600 3627 677 3680 Riese
728 3643 742 3680 e
762 3629 835 3682 terris
853 3632 923 3683 cont.
935 3628 1007 3680 Potio
1030 3671 1032 3675 ,
1053 3629 1206 3697 corruptela

130 3695 250 3747 nondum
266 3703 363 3748 sanata
432 3701 482 3751 850
501 3698 587 3765 prisc]
606 3698 717 3764 positum
736 3698 752 3749 b

199 3761 254 3821 XV.
275 3767 287 3816 1
307 3764 351 3832 qui
369 3781 404 3816 aa
420 3780 475 3816 uno
494 3767 552 3818 cod.
570 3765 660 3817 Heius.
678 3765 762 3817 Meri.
820 3765 1018 3830 doogooscelr
1073 3764 1207 3818 ditalisa

129 3833 163 3952 (lul
182 3830 345 3952 indigptusb
401 3835 431 3886 ld
450 3833 601 3887 eierasselr
654 3832 1027 3902 ibllysealusemscalr'ger
1073 3834 1207 3891 miciluss

159 3914 231 3968 usque
