2692 4230
142 121 229 158 uenus
580 106 631 172 vlt,
651 107 792 158 rot-tta.

141 287 236 358 tuque
258 279 370 362 triceps
391 278 510 348 Hecate,
534 294 608 354 quae
630 276 741 357 coeptis
762 275 881 339 conscia
904 277 1014 337 nostris

141 362 330 447 adiutrixque
351 364 433 425 renis
455 369 618 441 cantusque
639 363 769 443 artisque
791 379 957 443 magorum,

141 467 278 530 quaeque
300 466 412 528 magos,
434 443 543 521 Tellus,
566 447 743 527 pollentibus
764 447 886 509 instruis
908 444 1017 521 herbis,

142 551 292 615 auraeque
315 543 344 594 et
364 529 445 591 renti
467 541 641 612 montesque
662 549 822 610 amnesque
843 532 984 612 lacusque

141 618 233 700 dique
255 634 360 678 omnes
382 631 547 690 nemorum,
568 618 656 697 dique
678 633 780 675 omnes
801 617 897 677 noctis
918 615 1032 678 adestel

140 721 270 784 quorum
294 718 361 780 ope,
383 717 451 761 curn
472 701 561 776 volui,
582 702 656 781 ripis
677 698 850 762 mirantibus
872 718 974 762 amnes

139 788 171 850 in
195 789 297 849 sontes
319 783 433 846 rediere
455 805 536 862 suos,
559 802 760 864 concussaque
782 784 865 861 sisto,

138 871 247 934 stantia
270 869 409 931 concutio
433 881 522 932 cantu
543 872 625 941 lreta,
647 868 748 930 nubila
770 868 849 949 pello

139 954 304 1034 nubilaque
326 954 445 1031 induco,
468 967 571 1017 ventos
592 953 737 1034 abigoque
757 972 900 1035 vocoque,

136 1040 273 1121 vipereas
294 1058 402 1122 rumpo
424 1040 520 1101 verbis
541 1049 571 1099 et
594 1039 723 1100 carmine
750 1038 860 1112 lauces,

136 1123 262 1205 vivaque
284 1143 352 1188 saxa
373 1143 426 1186 sua
448 1123 645 1205 convulsaque
667 1123 774 1185 robora
796 1132 874 1185 terra

139 1217 170 1271 et
192 1208 281 1271 silvas
302 1229 416 1285 moveo,
440 1208 588 1290 iubeoque
609 1220 784 1271 tremescere
805 1218 923 1270 montes

138 1302 169 1356 et
191 1295 306 1374 mugire
329 1296 425 1357 solum
448 1312 608 1375 manesque
630 1295 709 1355 exire
730 1293 884 1374 sepulcris.

141 1390 171 1440 te
194 1398 325 1460 quoque,
348 1381 443 1453 Luna,
465 1380 558 1453 traho,
581 1379 711 1459 quamvis
733 1377 890 1440 Temesaea
912 1376 1026 1439 labores

135 1483 206 1526 aera
228 1473 298 1526 tuos
319 1464 471 1538 minuant;
495 1482 600 1525 currus
622 1482 740 1544 quoque
761 1463 892 1525 carmine
914 1471 1016 1524 nostro

136 1548 228 1630 pallet
250 1549 305 1624 ari,
329 1547 419 1629 pallet
441 1548 552 1610 nostris
573 1550 685 1610 Aurora
707 1548 837 1609 uenenis.

135 1652 189 1694 vos
211 1632 285 1694 mihi
308 1641 461 1695 taurorum
486 1635 617 1695 flammas
638 1632 795 1695 hebetastis
817 1643 847 1695 et
867 1650 946 1694 unco

135 1718 288 1799 inpatiens
311 1718 412 1780 oneris
433 1719 543 1780 collum
565 1719 713 1799 pressistis
734 1728 841 1792 amtro,

134 1820 188 1863 vos
210 1803 428 1884 serpentigenis
450 1803 480 1864 in
503 1822 535 1864 se
558 1805 620 1865 lera
641 1802 718 1864 bella
739 1803 861 1865 dedistis

136 1888 352 1967 custodemque
375 1888 479 1950 rudem
501 1888 597 1949 somni
620 1888 740 1970 sopistis
762 1897 791 1949 et
816 1906 921 1950 aurum

129 1972 254 2034 ‘uindice
275 1973 400 2054 decepto
422 1972 524 2034 Graias
545 1973 666 2034 misistis
687 1973 718 2034 in
741 1972 840 2036 urbes.

135 2076 219 2119 nunc
241 2075 320 2137 opus
342 2068 387 2119 est
408 2058 497 2132 sucis,
519 2076 574 2138 per
594 2077 670 2138 quos
690 2071 829 2119 renouata
850 2066 988 2119 senectus

134 2143 167 2203 in
190 2143 296 2204 florem
318 2143 418 2204 redeat
438 2143 609 2224 primosque
629 2142 781 2223 recolligat
801 2161 905 2204 anuos.

135 2237 165 2289 et
187 2226 304 2288 dabitis.
349 2245 445 2308 neque
467 2229 547 2288 enim
568 2227 732 2290 micuerunt
755 2227 850 2289 sidera
872 2228 991 2303 frustra,

135 2330 192 2373 uec
213 2312 325 2374 frustra
347 2313 499 2392 volucrum
521 2322 632 2375 tractus
652 2313 765 2375 cervice
787 2313 950 2375 draconum

134 2416 242 2459 currus
262 2389 363 2458 adest'
409 2396 506 2458 aderat
529 2399 673 2458 demissus
693 2398 729 2458 ab
751 2399 869 2458 aethere
891 2414 1005 2458 currus.

134 2500 194 2562 quo
217 2481 308 2543 simul
329 2482 480 2543 adscendit
500 2483 672 2562 frenataque
695 2482 770 2544 colla
792 2482 954 2544 draconum

134 2566 293 2648 permulsit
313 2566 509 2647 manibusque
532 2567 608 2629 leves
630 2568 746 2646 agitarit
767 2566 907 2642 habenas,

135 2650 273 2714 sublimis
294 2652 409 2733 rapitur
430 2653 619 2732 subiectaque
640 2651 778 2713 Thessala
800 2650 911 2733 'lempe

136 2737 273 2818 despicit
318 2736 419 2798 electis
440 2737 612 2817 regionibus
632 2736 756 2818 adplicat
777 2755 890 2815 angues

206 2889 254 2939 195
278 2888 392 3006 artisque
414 2889 483 2937 eoru.
501 2886 616 2953 Merkel,
632 2887 755 2952 Madvig,
773 2896 893 2954 artesque
911 2885 932 2936 A
1005 2887 1052 2937 rut
1076 2899 1126 2952 que
1151 2900 1210 2950 orm,

132 2960 159 3006 et
178 2958 197 3006 ι’.
213 2971 237 3006 r.
256 2971 273 3004 a
290 2971 324 3006 m.
360 2959 416 3017 ,ut
433 2955 546 3020 uidetur,
564 2955 590 3007 Μ
645 2959 691 3008 198
710 2951 884 3022 onrnesquel
941 2955 990 3005 202
1009 2951 1138 3021 abigoque
1154 2952 1210 3018 (big

131 3027 150 3077 i.
169 3040 194 3076 r.
212 3039 229 3072 o
247 3039 282 3073 m.
299 3023 326 3088 2)
344 3021 369 3073 Μ
421 3025 471 3074 205
490 3024 578 3075 solras
595 3023 620 3074 Μ
630 3025 645 3090 ¹,
664 3041 733 3075 corr.
750 3023 832 3074 nr.2-·
866 3029 1017 3073 tremescere
1035 3018 1081 3070 Μι
1121 3020 1208 3072 tremi-

132 3173 204 3210 scere
223 3156 285 3207 hl²e
342 3161 390 3211 207
411 3109 579 3259 emolliisti
597 3177 631 3210 ee
649 3160 669 3221 l)
686 3158 711 3208 Μ
757 3164 879 3209 temerata
899 3176 921 3223 ς,
940 3172 988 3207 em.
1007 3155 1210 3223 Constcnl.{Fa-

131 3298 221 3344 nensis
274 3297 324 3347 209
337 3295 417 3362 pallet
429 3296 470 3346 ari
481 3217 531 3345 {lali
544 3296 632 3345 Heius.
678 3293 774 3361 pallent
792 3292 856 3344 atlll
904 3292 1002 3360 pallent
1016 3292 1068 3347 &s
1102 3293 1156 3356 (aut
1166 3307 1209 3357 pr.

131 3446 299 3508 contacte)
318 3447 399 3498 nostri
417 3443 444 3497 λ’
491 3449 537 3499 211
560 3446 626 3497 haud
641 3446 773 3512 patiensc
820 3393 936 3512 presesistis
948 3443 973 3494 Μ
1025 3375 1210 3496 Μῖψηῗιιζε

132 3514 169 3563 cd
180 3515 369 3580 serpentigenis
385 3518 415 3565 in
427 3530 513 3579 marg.
529 3514 619 3565 adnot.
632 3514 715 3578 rubro,
734 3531 787 3581 qua
798 3519 863 3564 nota
881 3515 1048 3564 rubricatori
1063 3512 1211 3562 mandatur

130 3586 163 3631 ut
180 3597 292 3632 munem
309 3599 358 3632 erro
375 3582 556 3648 fungentur,-
578 3581 614 3642 es.
632 3599 655 3633 υ.
672 3583 723 3635 213
791 3584 840 3635 213
864 3581 940 3633 rubrr’r
960 3595 1050 3633 somno
1074 3576 1090 3631 l
1158 3581 1208 3632 216

129 3734 157 3786 in
175 3734 266 3787 dorem
284 3752 319 3786 ere
337 3736 462 3787 imllorem
474 3734 500 3787 Μ
545 3693 601 3789 ¹223
620 3736 720 3804 dispicit
738 3739 771 3788 ei.
787 3736 943 3787 Lachmann
990 3664 1135 3800 ldddddictlte
1180 3738 1208 3784 et

131 3807 215 3854 cretes
232 3802 276 3854 Μι
346 3811 372 3856 et
390 3805 465 3856 cretis
483 3803 551 3860 bl²s
613 3803 724 3858 Threces
743 3807 775 3856 ei.
793 3806 882 3856 Heius.
949 3801 1038 3855 Trioes
1054 3805 1089 3853 ei.
1106 3800 1209 3853 Merkel

130 3874 157 3922 et
175 3870 277 3923 Crethei
303 3875 336 3922 οἱ.
354 3872 426 3924 Lenz
496 3878 521 3923 et
544 3873 620 3924 certis
644 3877 676 3926 ei.
697 3874 805 3939 iladvig
875 3873 964 3925 electis
987 3872 1106 3934 (mutata
1126 3873 1207 3920 inter-

124 3943 290 4006 punctione)
309 3945 437 4006 temptavi
