2692 4230
109 119 171 185 268
565 128 718 184 ldE‘l'Aldhl.
867 144 992 184 omnium
1008 145 1183 186 erumnas

110 299 193 382 plura
215 300 286 365 sinit
306 301 467 381 rutilasque
488 301 572 362 tarox
593 297 625 358 in
646 309 747 378 aperta
767 299 917 382 loquentis

109 385 241 449 condidit
261 405 312 450 ora
333 384 387 448 riri
408 400 522 464 perque
544 399 578 443 os
599 382 630 443 in
653 391 775 462 pectora
796 386 938 448 dammas.
1138 393 1182 444 295

110 479 139 532 te
160 490 288 553 quoque,
309 486 393 532 saeve
414 465 500 545 hrya,
522 464 635 527 circum
657 476 748 547 caput
768 469 837 547 igne
858 480 954 534 rotato

109 555 289 637 insequitur;
312 553 362 615 sed
385 568 446 612 non
468 549 500 611 in
522 559 552 612 te
573 568 693 632 quoque
715 553 847 616 constitit
867 556 945 618 idem

109 642 220 703 exitus:
241 638 380 701 adsiduae
400 651 539 697 successu
563 635 659 697 caedis
681 644 827 710 ovantem,

109 744 166 805 qua
188 725 288 785 iuncta
309 729 353 781 est
374 736 476 779 umero
499 721 606 795 cervix,
627 720 700 783 sude
722 720 788 800 figis
813 721 927 785 obusta.

109 807 251 888 ingemuit
271 805 406 883 duroque
427 802 530 865 sudem
552 805 599 866 rix
623 824 690 867 osse
712 803 834 867 revulsit

108 892 241 955 Rhoetus
261 897 290 951 et
311 888 376 969 ipse
396 905 451 949 suo
473 889 655 953 madefactus
676 888 822 969 sanguiue
843 888 928 968 fugit

108 977 184 1056 lugit
205 984 234 1036 et
255 972 373 1034 Orneus
395 971 585 1054 Lycabasque
606 987 636 1037 et
656 975 775 1037 saucius
796 991 878 1036 armo

108 1058 271 1123 dexteriore
291 1057 397 1118 lledon
421 1065 450 1118 et
471 1075 539 1120 cum
561 1059 702 1122 Pisenore
723 1058 881 1131 Thaumas,

109 1144 218 1224 quique
240 1143 347 1223 pedum
370 1159 467 1222 nuper
488 1145 648 1207 certamine
672 1146 780 1207 vicerat
801 1161 907 1205 omnes

108 1227 278 1301 Mermeros,
299 1235 420 1307 accepto
443 1236 506 1289 tum
528 1228 649 1292 vulnere
671 1230 781 1293 tardius
802 1228 881 1304 ihat;

109 1321 138 1373 et
158 1310 267 1373 Pholus
289 1320 318 1372 et
338 1310 490 1375 Melaneus
512 1322 543 1376 et
563 1313 641 1376 Abas
663 1315 818 1396 praedator
838 1330 989 1396 aprorum,

109 1396 218 1476 quique
240 1396 300 1478 suis
321 1396 429 1460 frustra
451 1396 561 1461 bellum
584 1399 770 1474 dissuaserat,
791 1417 886 1478 augur

108 1479 243 1543 Asbolus.
286 1480 335 1543 ille
357 1481 446 1543 etiam
467 1483 611 1545 metuenti
632 1482 755 1545 vulnera
776 1483 868 1546 Nesso

108 1584 168 1644 ,ne
188 1566 272 1646 fugel
294 1567 330 1627 ad
352 1565 537 1627 Herculeos“
558 1567 657 1646 iuquit
680 1567 860 1642 „servaberis
881 1568 998 1629 arcus.“

107 1662 138 1713 at
158 1670 218 1713 uon
241 1649 429 1729 Eurynomus
449 1646 632 1731 Lycidasque
653 1659 683 1712 et
704 1652 796 1711 Areos
817 1661 847 1712 et
867 1650 1002 1713 lmhreus

108 1736 236 1813 elingere
259 1751 376 1795 necem:
400 1748 476 1812 quos
497 1752 603 1796 omnes
623 1735 722 1797 dextra
744 1734 880 1815 Dryantis

108 1817 233 1900 perculit
254 1818 399 1880 adversos.
442 1817 596 1882 adversum
618 1829 650 1882 tu
674 1838 802 1900 quoque,
824 1818 957 1902 quamvis

108 1913 187 1983 terga
210 1903 295 1982 fugae
316 1903 448 1977 dederas,
469 1904 588 1977 vulnus,
610 1905 749 1978 Crenaee,
771 1904 881 1967 tulisti:

107 2006 176 2050 nam
196 2005 282 2066 grave
303 1987 466 2069 respiciens
486 1989 566 2051 inter
586 1989 645 2052 duo
667 1988 778 2051 lumina
799 1991 921 2064 lerrum,

107 2091 164 2153 qua
187 2073 266 2135 naris
288 2072 378 2134 lronti
401 2074 606 2146 committitur,
627 2072 747 2154 accipis,
770 2073 855 2135 imae.

192 2157 224 2218 lu
248 2165 328 2219 tanto
350 2157 469 2218 fremitu
490 2157 607 2220 cunctis
628 2158 693 2219 siue
715 2159 776 2219 hue
796 2158 910 2221 iacebat

106 2241 221 2322 sopitus
241 2243 323 2303 venis
345 2251 375 2302 et
395 2242 619 2323 inexperrectus
640 2242 770 2322 Aphidas

106 2326 316 2407 languentique
336 2345 426 2389 manu
448 2326 595 2390 carchesia
617 2327 707 2388 mixta
728 2327 856 2402 tenebat,

107 2412 190 2473 lusus
211 2413 241 2473 in
265 2410 391 2473 Ossaeae
410 2410 523 2474 villosis
543 2410 672 2492 pellibus
692 2431 788 2473 ursae.

107 2514 194 2576 quem
216 2494 321 2577 procul
342 2505 376 2557 ut
397 2496 468 2558 vidit
489 2496 598 2559 hustra
621 2497 701 2559 nulla
723 2515 803 2559 arma
825 2505 1002 2571 moventem,

106 2581 210 2643 inserit
230 2590 346 2642 amento
368 2580 477 2661 digitos
498 2581 687 2656 „miscenda“
712 2600 770 2663 que
792 2581 863 2643 dixit

108 2683 195 2740 „cum
218 2665 306 2745 Styge
327 2665 394 2728 rina
416 2665 519 2728 bihes“
543 2665 689 2740 Phorbas;
714 2685 769 2728 uec
791 2665 876 2746 plura
899 2674 1031 2727 moratus

107 2750 137 2811 in
161 2751 293 2810 iuvenem
315 2751 400 2811 torsit
422 2749 560 2823 iaculum,
583 2751 750 2831 ferrataque
771 2751 847 2813 collo

107 2834 246 2908 iratiuus,
268 2844 301 2896 ut
323 2853 392 2897 casu
414 2835 505 2898 iacuit
525 2837 695 2916 resupinus,
717 2836 817 2897 adacta
840 2842 893 2897 est.

107 2935 186 2980 mors
206 2919 301 2980 caruit
321 2937 421 2993 seusu,
443 2918 594 3000 plenoque
616 2940 633 2981 e
654 2930 773 2999 gutture
794 2919 880 2982 duxit
1135 2927 1179 2979 915

108 3003 199 3084 inque
220 3011 301 3065 toros
322 3004 415 3084 inque
436 3005 500 3086 ipsa
522 3005 606 3083 niger
627 3005 776 3068 carehesia
797 3003 927 3084 sanguis.

173 3189 223 3241 tet
242 3187 380 3253 rutilasque
399 3187 460 3251 (ruti
478 3189 497 3240 i.
507 3190 542 3251 r.)
560 3185 585 3239 ll
638 3189 687 3242 195
706 3202 751 3255 per
767 3201 833 3256 quas
850 3188 918 3239 in-
930 3185 1030 3239 flamma
1049 3184 1074 3238 ll
1127 3188 1177 3239 299

106 3254 252 3308 seuidrialll
302 3256 352 3307 998
370 3253 459 3306 omit
511 3255 604 3307 addito
622 3261 713 3307 tumen
724 3259 803 3320 εἰςπο
815 3254 928 3306 taem
945 3270 1012 3307 an.
1024 3256 1055 3319 9,·
1072 3256 1116 3307 dte
1132 3271 1180 3306 οτ-

102 3319 214 3389 plr‘eiti
264 3324 314 3376 299
331 3321 619 3389 cerrissethitohdl
671 3327 721 3376 999
739 3321 854 3390 duroque
865 3338 912 3375 suo
924 3320 987 3374 r.lll
1039 3322 1180 3375 revulsit·

106 3393 155 3444 992
173 3388 319 3443 homeuslll
370 3389 546 3458 licidasqueh
598 3391 764 3459 Lycabasque
776 3388 932 3455 Naugerius
982 3393 1033 3443 991
1047 3388 1178 3458 cuiquehl

106 3462 156 3512 999
174 3458 292 3526 pholeius
307 3457 333 3510 ht
386 3458 556 3512 menelausll
608 3459 700 3526 phelus
718 3457 772 3511 rh¹
824 3458 917 3525 pholus
933 3456 968 3510 h¹
1026 3457 1178 3511 melanush

106 3529 154 3579 991
179 3525 228 3578 diis
248 3529 363 3579 sument
381 3523 406 3577 ll
475 3529 526 3579 999
547 3526 674 3580 astilosc
744 3525 881 3594 hastytllos
897 3542 924 3591 a,
945 3526 1045 3578 emend.
1062 3526 1179 3578 lloseher

106 3591 386 3660 mesopotameni
448 3598 499 3648 919
516 3610 622 3647 areusr
672 3592 774 3647 arusll
832 3593 975 3646 harenosh
1036 3595 1086 3647 ³12
1104 3608 1178 3646 aser·

106 3660 199 3714 sumll
249 3659 402 3715 adversusa
453 3665 504 3716 919
522 3660 797 3730 dederas-eeneqll
849 3663 898 3714 911
917 3661 1036 3730 inexpers
1054 3659 1177 3714 rectushl

105 3729 313 3851 19999
331 3731 404 3851 dt
421 3729 772 3851 1999999199
792 3728 817 3781 Μ
839 3729 1066 3860 nihttttlt
1088 3728 1178 3850 ‘fiili

101 3863 201 3931 ipsell
