2692 4230
88 94 147 156 132
543 102 697 158 ΜΕΤΑΜΜ.
847 119 946 158 rasore
964 120 997 157 er
1013 120 1158 163 rmnorrncu

88 273 208 358 palpitat
229 287 258 338 et
279 275 409 338 moriens
430 271 565 334 dominae
587 271 706 350 vestigia
729 276 853 355 quaerit.
1115 290 1159 341 seo

86 363 145 424 hoo
167 380 286 443 quoque
308 368 376 443 post
396 356 510 420 facinus
532 354 590 425 (vir
611 354 705 415 ausim
728 361 860 439 credere)
881 362 976 424 fertur

87 465 175 529 saepe
196 466 248 508 sua
269 446 398 507 lacerum
420 438 562 521 repetisse
582 436 704 500 libidine
729 460 848 525 corpus.

87 532 212 595 sustinet
232 530 267 592 ad
290 530 427 606 Prognen
449 533 518 604 post
538 521 606 584 talia
628 525 701 586 facto
724 530 839 591 reverti.

88 617 214 696 coniuge
236 633 311 695 quae
332 612 393 672 riso
415 626 581 688 germanam
606 607 727 690 quaerit
772 614 872 679 atille

88 702 134 764 det
156 698 283 781 gemitus
303 697 388 757 fictos
408 703 632 775 commentaque
654 694 758 755 funera
780 711 889 776 narrat,

88 797 118 848 et
137 785 275 848 lacrimae
296 780 393 841 fecere
414 777 511 839 fidem.
555 779 697 841 velamina
719 778 837 859 Progne

89 870 197 950 deripit
217 885 252 929 ex
275 864 384 926 umeris
405 881 476 925 auro
500 862 640 944 fulgentia
665 863 723 926 lato

88 955 278 1033 induiturque
298 958 374 1011 atras
395 956 489 1010 restes
512 958 542 1011 et
562 949 650 1012 inane
671 947 862 1030 sepulchrum

88 1037 239 1102 constituit
260 1031 399 1114 falsisque
424 1033 538 1114 piacula
559 1035 696 1098 manibus
719 1033 810 1096 infert

88 1134 118 1186 et
138 1123 220 1199 luget
242 1137 304 1180 non
325 1117 368 1180 sic
390 1118 533 1199 lugendae
555 1121 612 1182 fata
634 1119 754 1183 sororis

88 1208 171 1285 signa
192 1204 265 1265 deus
285 1203 332 1265 his
353 1221 402 1266 sex
423 1213 489 1266 acto
510 1203 682 1268 lustraverat
703 1222 801 1269 anno:

89 1290 158 1371 quid
181 1289 267 1350 faciat
287 1287 468 1351 Philomela?
490 1291 589 1370 fugam
610 1291 743 1353 custodia
764 1288 883 1365 claudit,

89 1383 200 1436 structa
221 1373 320 1454 rigent
339 1373 433 1437 solido
455 1374 637 1437 stabulorum
659 1375 779 1437 moenia
798 1392 879 1451 saxo,

88 1478 122 1521 os
142 1467 258 1522 mutum
280 1459 348 1521 faeti
369 1468 448 1520 caret
468 1458 574 1521 indice.
617 1460 728 1539 grande
748 1460 859 1522 doloris

89 1544 241 1624 ingenium
263 1555 317 1619 est,
338 1543 511 1623 miserisque
531 1543 612 1604 venit
632 1543 761 1605 sollertia
783 1545 882 1607 rehus.

90 1631 213 1692 stamina
230 1627 381 1690 barbarica
402 1626 556 1705 suspendit
577 1625 680 1687 callida
701 1626 759 1688 tela

90 1730 314 1796 purpureasque
336 1719 420 1771 notas
440 1708 496 1770 filis
517 1710 641 1771 intexuit
667 1710 752 1788 albis,

90 1799 231 1861 indicium
254 1795 387 1869 sceleris3
412 1794 600 1876 perfectaque
622 1795 740 1857 tradidit
759 1794 824 1869 uni,

89 1893 180 1963 utque
202 1883 277 1942 ferat
297 1879 433 1941 dominae
454 1888 538 1959 gestu
560 1891 644 1959 rogat
665 1880 723 1941 illa.
767 1891 869 1959 rogata

89 1967 209 2049 pertulit
231 1965 265 2028 ad
287 1964 437 2044 Prognen,
458 1983 514 2025 nec
536 1965 600 2039 scit,
622 1964 693 2045 quid
716 1966 811 2027 tradat
831 1967 862 2026 in
885 1965 953 2026 illis.

90 2050 195 2113 evolvit
215 2059 310 2112 vestes
331 2049 407 2111 saevi
428 2058 561 2111 matrona
582 2050 698 2128 tyranni

90 2138 284 2217 fortunaeque
305 2153 375 2196 suae
396 2153 513 2196 carmen
535 2134 700 2196 miserabile
721 2133 795 2214 legit

90 2232 119 2283 et
141 2221 259 2293 (mirum
282 2219 426 2300 potuisse)
451 2219 526 2280 silet.
569 2218 654 2280 dolor
676 2238 727 2280 ora
749 2219 899 2300 repressit,

90 2305 235 2385 verbaque
257 2305 407 2384 quaerenti
430 2303 499 2365 satis
521 2302 703 2383 indignantia
725 2303 843 2383 linguae

90 2391 255 2452 defuerunt.
297 2407 352 2450 nec
372 2388 444 2450 flere
463 2398 554 2462 vacat,
576 2389 627 2450 sed
650 2390 751 2470 fasque
774 2390 914 2468 nefasque

91 2476 249 2537 confusura
271 2474 340 2548 ruit,
361 2492 533 2554 poenaeque
555 2473 585 2533 in
608 2475 737 2553 imagine
757 2482 820 2535 tota
840 2482 894 2535 est.

175 2560 305 2640 Tempus
327 2569 397 2633 erat,
419 2577 477 2639 quo
499 2577 581 2620 sacra
604 2561 700 2620 solent
721 2558 866 2620 trieterica
889 2559 996 2620 Bacchi

92 2645 242 2706 Sithoniae
264 2642 411 2705 celebrare
434 2662 542 2704 nurus:
566 2662 624 2704 nox
647 2643 765 2705 conscia
787 2645 886 2705 saeris.

91 2738 178 2790 nocte
200 2737 286 2790 sonat
307 2727 450 2809 Rhodope
471 2728 627 2791 tinnitibus
648 2729 723 2791 aeris
745 2730 832 2803 acuti,

91 2824 179 2876 nocte
201 2832 253 2875 sua
275 2821 319 2874 est
341 2830 454 2892 egressa
476 2813 563 2874 domo
586 2814 688 2893 regina
710 2813 815 2895 deique

91 2898 197 2960 ritihus
217 2897 373 2960 instruitur
394 2897 566 2979 furialiaque
588 2899 694 2980 accipit
716 2917 806 2960 arma.

91 2984 148 3045 vite
170 2994 259 3064 caput
279 2983 396 3062 tegitur,
418 2983 501 3044 lateri
525 2984 642 3045 cervina
664 2983 784 3045 sinistro

92 3068 196 3130 vellera
218 3069 396 3148 dependent,
418 3086 519 3131 umero
543 3066 614 3130 levis
634 3069 754 3131 incohat
775 3068 866 3129 hasta.

159 3236 209 3286 560
226 3232 343 3284 nominoe
361 3234 470 3285 moriens
489 3230 503 3284 λ
572 3236 619 3286 561
639 3233 688 3285 hoc
707 3237 752 3301 qq3
771 3232 797 3284 Μ
857 3231 959 3284 credere
977 3231 1004 3296 (d
1021 3248 1057 3282 erc
1073 3231 1101 3296 h)
1118 3231 1163 3331 ΜΕ

92 3369 142 3421 565
166 3367 210 3420 dat
233 3366 309 3420 fictos
331 3383 405 3420 casus
422 3367 448 3420 Μ
472 3372 511 3429 tiu
534 3383 620 3434 marg.
642 3367 781 3434 lgemitus
798 3383 832 3419 m.
851 3372 876 3432 1)
945 3369 996 3420 566
1014 3316 1164 3435 progdgsl

92 3439 141 3489 567
161 3436 247 3503 diripit
264 3436 304 3488 ed.
316 3436 417 3488 Veneto
434 3437 543 3555 rrqfftfq'1
546 3436 733 3555 qaffmmffls
751 3435 796 3500 (hu
812 3439 831 3487 i.
843 3453 875 3501 r.,
893 3450 918 3486 rn
937 3440 1016 3501 corr.)
1033 3434 1060 3487 Μ
1112 3439 1162 3488 568

94 3571 168 3623 inane
185 3589 220 3623 erc
236 3586 310 3622 mane
326 3570 352 3622 Μ
403 3574 453 3625 ste
481 3520 577 3641 paellida
598 3571 624 3623 Μ
675 3571 816 3627 candidae·
866 3568 957 3622 callida
970 3570 1058 3621 Helm.
1106 3570 1165 3623 Pal-

93 3639 151 3691 lade
168 3639 235 3692 telae
253 3642 285 3691 ci.
304 3639 405 3691 Merkel
466 3643 514 3693 5Π
534 3655 583 3708 que
601 3637 687 3691 enni
738 3644 800 3706 port
815 3639 867 3692 578
884 3654 989 3689 sermm
1003 3643 1072 3704 puto
1091 3642 1165 3690 ecccl—

94 3707 163 3759 dr'rse
214 3709 263 3762 ets
281 3703 359 3759 ittet
410 3710 459 3761 580
477 3704 615 3775 protulitl
660 3707 777 3761 nescith
829 3709 877 3760 581
895 3706 1062 3759 utvolritlll
1112 3709 1163 3760 582

94 3775 301 3845 fortunaequeh
352 3791 537 3843 germanaeque
555 3777 644 3827 Heius.
695 3790 757 3828 suae
775 3791 825 3826 om.
844 3771 878 3826 λ’
929 3777 979 3829 585
997 3774 1165 3830 defuerantc

93 3849 167 3896 rarat
184 3843 210 3895 Μ
228 3855 270 3909 (ra
289 3861 303 3895 e
321 3847 400 3909 corr-0)
452 3847 501 3898 588
519 3845 545 3895 in
564 3860 613 3896 om.
630 3843 656 3895 Μ
709 3847 758 3898 589
777 3844 843 3896 aeris
861 3860 895 3894 ea·
912 3857 985 3896 aeres
1002 3842 1027 3894 Μ
