2692 4230
137 201 286 242 vonvoonus
563 185 626 252 lllll,
643 187 788 241 dio-tbi.

136 369 264 441 postque
286 368 330 422 tot
351 357 475 420 amissos
496 363 529 417 tu
552 338 644 432 nunc,
665 375 741 438 quae
764 356 825 420 sola
848 356 962 419 levabas

136 456 286 508 maternos
307 442 416 515 luctus,
438 439 555 505 hostilia
577 442 664 507 busta
685 441 782 524 piasti.

136 531 257 592 inferias
277 526 357 590 hosti
379 525 490 605 peperi.
535 547 596 610 quo
618 529 713 591 ferrea
734 525 838 590 resto?

136 615 242 696 quidve
263 607 387 674 moror?
409 629 468 690 quo
489 631 540 675 me
560 631 670 688 servas,
691 630 804 675 annosa
826 607 984 674 senectus?

136 717 207 780 quo,
228 698 258 759 di
280 693 426 771 crudeles,
449 697 506 760 nisi
527 716 587 778 quo
611 714 686 759 nova
707 698 811 758 funera
834 715 963 772 cernam,

134 785 263 846 vivacem
284 780 409 842 differtis
430 780 544 844 anum?
566 782 633 863 quis
656 798 744 860 posse
766 789 884 861 putaret

135 869 251 929 felicem
273 864 422 927 Priamum
448 875 517 948 post
538 867 635 928 diruta
657 865 798 944 Pergama
820 863 903 927 dici?

135 952 204 1013 felix
226 959 322 1012 morte
344 969 397 1012 sua
419 962 479 1013 est:
503 969 560 1012 uec
581 960 621 1024 te,
643 966 708 1011 mea
730 959 807 1023 nata,
829 959 1012 1030 peremptam

135 1035 260 1116 adspicit
281 1044 311 1097 et
333 1037 419 1098 vitam
442 1035 554 1115 pariter
575 1052 760 1115 regnumque
781 1034 910 1115 reliquit

134 1129 173 1193 at,
196 1130 279 1201 puto,
301 1119 457 1182 funeribus
477 1118 628 1195 dotabere,
650 1119 730 1200 regia
752 1119 845 1199 virgo,

135 1206 340 1286 condeturque
361 1214 446 1267 tuum
467 1205 671 1268 monumentis
693 1222 803 1287 corpus
823 1205 915 1267 avitis.

135 1309 196 1352 non
219 1292 292 1352 haec
314 1299 359 1351 est
381 1290 499 1352 fortuna
520 1291 636 1353 domus.
681 1289 733 1352 tibi
754 1308 878 1353 munera
900 1290 1001 1352 matris

135 1376 310 1454 contingent
331 1375 419 1437 fletus
440 1375 674 1456 peregrinaeque
695 1376 821 1436 haustus
842 1376 979 1437 harenae.
1056 1401 1059 1407 ’

135 1460 234 1523 omnia
256 1460 451 1540 perdidimus:
475 1469 621 1540 superest,
645 1477 699 1521 cur
715 1459 815 1520 ⁴vivere
837 1468 955 1540 tempus

134 1545 165 1607 in
187 1545 275 1606 breve
297 1544 469 1617 sustineam,
491 1544 593 1624 proles
614 1544 778 1624 gratissima
800 1545 896 1619 matri,

133 1648 216 1692 nuuc
237 1628 330 1702 solus,
353 1628 503 1708 quondam
525 1629 668 1691 minimus
689 1629 726 1691 de
747 1628 840 1711 stirpe
860 1629 947 1704 virili,

133 1715 187 1776 bas
207 1713 293 1776 datus
315 1713 437 1775 lsmario
459 1713 524 1793 regi
545 1714 711 1794 Polydorus
732 1715 764 1776 in
787 1733 863 1776 oras.

134 1798 205 1879 quid
227 1816 329 1859 moror
350 1798 462 1861 interea
485 1798 616 1861 crudelia
638 1799 758 1861 vulnera
780 1798 908 1881 lymphis

132 1882 253 1945 abluere
275 1893 304 1944 et
325 1878 445 1963 sparsos
465 1882 563 1945 inmiti
585 1884 731 1963 sanguine
752 1878 888 1946 vuttnst’

132 1967 205 2030 dixit
227 1977 256 2030 et
277 1968 314 2030 ad
336 1967 407 2029 litus
428 1985 516 2049 passu
539 1969 686 2050 processit
706 1968 788 2042 anili,

132 2052 265 2114 albentes
286 2051 412 2114 lacerata
433 2071 543 2115 comas.
585 2046 674 2128 ‘date,
696 2053 837 2127 Troades,
860 2049 979 2116 uruam’

133 2137 245 2199 dixerat
266 2137 379 2212 infelix,
400 2137 528 2216 liquidas
549 2138 681 2200 hauriret
702 2147 735 2199 ut
757 2139 867 2200 undas:

132 2221 258 2302 adspicit
280 2222 407 2283 eiectum
429 2220 568 2302 Polydori
590 2224 622 2285 in
644 2222 731 2285 litore
753 2240 863 2304 corpus

132 2308 268 2386 factaque
290 2306 436 2368 Threiciis
458 2307 592 2386 ingentia
613 2307 734 2370 vulnera
758 2307 832 2370 telis.

132 2391 263 2453 Troades
283 2391 457 2454 exclamant.
502 2392 653 2454 obmutuit
674 2392 724 2454 illa
746 2391 858 2466 dolore,

132 2487 161 2537 et
184 2475 293 2557 pariter
313 2494 401 2537 voces
423 2475 617 2558 lacrimasque
639 2477 785 2539 introrsus
808 2471 927 2538 obortas

131 2561 251 2622 devorat
273 2561 337 2641 ipse
359 2561 455 2623 dolor.
498 2562 635 2642 duroque
650 2561 799 2624 simillima
820 2580 889 2624 saxo
950 2592 952 2597 v

132 2655 231 2727 torpet
252 2655 283 2706 et
305 2646 424 2707 adversa
447 2646 512 2725 tigit
534 2648 623 2708 modo
646 2647 758 2708 lumina
779 2657 867 2720 terra,

132 2731 280 2792 interdurn
304 2739 404 2792 torvos
425 2731 554 2793 sustollit
576 2732 612 2794 ad
634 2733 753 2794 aethera
774 2729 881 2805 vultus,

132 2834 214 2876 nunc
236 2815 325 2896 positi
348 2826 461 2896 spectat
482 2815 608 2890 vultum,
631 2835 713 2878 nunc
733 2815 853 2879 vulnera
876 2815 947 2888 nati,

133 2900 252 2962 vulnera
276 2902 445 2980 praecipue,
468 2919 561 2981 seque
581 2910 673 2964 armat
695 2910 724 2963 et
745 2901 866 2963 instruit
888 2902 939 2962 ira.

132 3003 190 3065 qua
212 2985 301 3046 simul
323 2986 440 3058 exarsit,
463 2996 611 3066 tamquam
634 2987 735 3065 regina
758 2997 901 3060 maneret,

133 3070 236 3131 ulcisci
257 3070 359 3132 statuit
381 3087 554 3150 poenaeque
577 3072 607 3132 in
631 3071 759 3151 imagine
782 3081 842 3134 tota
864 3082 917 3133 est.

132 3164 224 3235 utque
246 3155 317 3216 furit
339 3154 442 3216 catulo·
460 3155 587 3217 lactente
609 3155 710 3219 orbata
731 3156 833 3218 leaena

132 3239 275 3319 signaque
297 3250 382 3301 nacta
405 3240 513 3320 pedum
537 3242 683 3320 sequitur,
706 3259 793 3322 mem
816 3259 877 3303 non
900 3240 986 3314 videt,
1010 3241 1133 3309 bostem,

132 3326 176 3385 sic
199 3323 328 3397 llecuba,
351 3335 509 3406 postquam
532 3344 601 3386 cum
623 3325 704 3388 luctu
728 3326 845 3387 miscuit
867 3326 949 3399 iram,

133 3426 193 3470 non
217 3408 308 3470 oblita
329 3410 507 3484 animorum,
529 3429 677 3472 annorum
701 3411 790 3472 oblita
813 3429 945 3483 suorum,
1165 3419 1208 3468 aad

130 3493 208 3555 radit
228 3494 265 3555 ad
308 3494 449 3556 artificem
472 3495 564 3567 dirae,
586 3495 797 3576 Polymestore,
818 3496 915 3558 caedis

200 3663 250 3711 318
268 3659 331 3727 quid
349 3659 414 3711 diis
467 3661 515 3713 nisi
535 3662 607 3718 utic
658 3659 886 3714 atadonabereht
939 3663 988 3713 att
1007 3662 1094 3722 cuttu
1114 3662 1208 3718 crof)

131 3725 156 3778 ht
209 3731 260 3780 330
278 3727 428 3795 poliodorus
445 3727 470 3779 bl
528 3731 578 3782 532
602 3728 706 3781 abluere
724 3729 805 3795 dfdfdlll
821 3735 847 3782 et
865 3735 979 3790 (murum
998 3733 1035 3778 est
1053 3728 1158 3786 intereat
1174 3755 1208 3764 —

130 3793 244 3847 ultnsbl
297 3798 348 3849 338
367 3795 421 3858 illa]
458 3798 520 3849 rob
573 3800 624 3850 333
642 3812 766 3853 vocetur
817 3798 956 3850 abortasC
1009 3798 1057 3849 542
1075 3795 1208 3848 extollite

130 3867 181 3917 344
199 3863 423 3916 vulnere—iram
440 3812 466 3914 it
524 3868 575 3919 tto
592 3865 619 3917 in
637 3866 723 3918 om.h
780 3868 830 3918 348
849 3865 951 3933 pedum]
970 3865 1054 3918 locurn
1072 3863 1096 3914 bl
1149 3867 1207 3917 ets.

130 3935 180 3985 336
199 3929 323 3984 ecubahl
377 3931 507 3983 lteeuber
560 3933 691 3985 eccubeh
