2692 4230
76 152 138 214 326
329 212 333 220 ,
492 158 661 217 88880001.
688 176 848 217 nerones.
872 176 1142 217 maurmunster:

76 327 154 391 mille
173 330 227 392 riri
249 332 375 414 eupiunt
395 341 426 393 et
446 326 625 406 semideique
646 325 752 408 deique

75 423 104 477 et
124 433 326 497 quaecumque
346 422 446 478 tenent
469 409 599 472 Albanos
620 410 741 473 numina
762 425 887 479 montes.

74 498 124 561 sed
146 507 178 561 tu
200 501 225 562 si
246 499 352 582 sapies,
373 497 399 558 si
419 505 449 556 te
470 492 547 555 bene
568 493 693 574 iungere
712 513 862 578 anumque
1094 508 1141 559 ers

74 583 152 646 hano
173 585 274 647 andire
293 582 384 655 voles,
403 596 480 659 quae
500 585 530 639 te
551 577 619 660 plus
640 579 778 640 omnibus
798 581 867 660 illis,

73 667 141 749 plus
162 686 248 750 quam
270 664 375 738 eredis,
396 680 473 737 amo,
495 660 629 742 vulgares
649 662 727 727 reice
748 664 846 728 taedas

73 751 324 831 Vertumnumque
345 746 401 809 turi
423 746 536 809 soeium
557 749 611 811 tihi
632 747 733 828 selige.
778 767 831 828 pro
854 771 913 831 quo

74 854 122 899 me
144 852 262 930 quoque
283 832 392 913 pignus
411 831 496 928 haine.
541 851 638 915 neque
660 832 740 894 enim
761 833 817 895 sihi
840 836 940 898 notior
960 836 1010 898 ille
1031 845 1086 911 est,

73 918 577 1076 duritlnltltlltftt
598 926 792 1085 illuit
806 919 982 1083 loliis,
1095 927 1141 981 ⁶⁸⁰

74 1105 147 1169 quas
167 1084 254 1147 modo
275 1085 357 1160 vidit,
376 1095 470 1147 amata
491 1097 525 1148 tu
547 1087 660 1168 primus
682 1096 711 1149 et
731 1086 854 1149 ultimus
873 1087 917 1150 illi

74 1171 161 1234 ardor
182 1170 250 1243 eris,
271 1169 386 1250 solique
406 1188 476 1232 suos
496 1169 550 1233 tibi
571 1174 692 1235 devovet
712 1189 816 1234 annos.

72 1255 155 1329 adde,
177 1255 256 1335 quod
278 1262 323 1316 est
343 1255 466 1330 iuvenis,
488 1259 568 1337 quod
590 1256 723 1320 naturale
742 1255 857 1319 decoris

72 1357 181 1401 munus
201 1338 290 1401 habet
310 1339 477 1422 formasque
498 1351 566 1423 apte
587 1336 716 1422 fingetur
736 1342 767 1405 in
790 1358 904 1415 omnes,
1094 1350 1140 1402 086

73 1432 101 1486 et
123 1423 202 1505 quod
224 1422 279 1486 erit
299 1423 408 1501 iussus,
429 1425 530 1488 iubeas
551 1425 621 1489 lieet
642 1427 752 1501 omnia,
773 1428 833 1489 liet.

73 1508 144 1590 quid
165 1510 244 1590 quod
264 1509 368 1572 amatis
388 1509 488 1572 ideml
509 1512 600 1592 quod,
622 1530 697 1592 quae
719 1511 772 1573 tibi
793 1530 881 1593 poma
902 1509 1054 1584 coluntur,

72 1593 184 1675 primus
204 1594 293 1656 hahet
313 1595 446 1675 laetaque
465 1603 549 1656 tenet
569 1605 618 1656 tua
639 1613 762 1658 munera
783 1593 907 1659 dextra?

73 1679 125 1740 sed
148 1697 244 1760 neque
265 1679 322 1740 iam
344 1679 421 1740 letus
442 1677 587 1739 desiderat
606 1677 712 1740 arbore
731 1679 876 1760 demptos,

72 1782 137 1838 neo,
160 1781 233 1843 quas
253 1763 358 1824 hortus
378 1761 440 1839 alit,
462 1780 530 1824 eum
551 1762 631 1824 suois
651 1761 773 1824 mitibus
794 1763 910 1839 herbas,
1095 1775 1141 1827 080

73 1866 130 1910 neo
150 1846 316 1927 quiequam,
338 1845 395 1908 nisi
417 1855 456 1909 te.
499 1846 639 1910 miserere
659 1846 789 1909 ardentis
811 1856 841 1909 et
861 1847 961 1929 ipsum

74 1931 151 2012 quod
173 1929 257 2012 petit,
279 1947 332 1992 ore
352 1948 418 1993 meo
440 1941 624 2014 praesentem
647 1931 733 1994 erede
754 1931 878 2014 precari.

72 2015 242 2096 ultoresque
262 2015 334 2077 deos
356 2027 385 2077 et
406 2026 525 2097 peetora
547 2015 620 2080 dura
642 2034 777 2098 perosam

71 2098 181 2163 Idalien
202 2117 423 2181 memoremque
443 2101 515 2162 time
536 2100 744 2164 Rhamnusidis
765 2102 849 2164 iram.

72 2202 190 2266 quoque
211 2183 304 2263 magis
325 2185 437 2258 timeas,
459 2185 581 2263 (etenim
602 2186 675 2247 milri
696 2184 789 2247 multa
809 2192 936 2248 vetustas
1094 2195 1140 2247 686

72 2271 147 2332 seire
168 2269 258 2345 dedit)
279 2269 403 2331 referam
425 2277 485 2332 tota
508 2270 659 2332 notissima
681 2270 778 2351 Cypro

72 2355 157 2427 laeta,
178 2353 285 2434 quibus
306 2354 383 2415 lleoti
407 2353 491 2416 iaoile
513 2365 542 2416 et
563 2355 715 2416 mitescere
736 2353 842 2436 possis

154 2437 272 2501 Viderat
292 2456 309 2500 a
330 2439 436 2501 veteris
456 2458 629 2520 generosam
651 2439 794 2519 sanguine
815 2438 922 2502 Teucri

71 2523 153 2604 lplnis
173 2525 356 2586 Anaxareten
379 2523 483 2586 humili
504 2525 542 2586 de
562 2526 655 2606 stirpe
676 2533 801 2599 oreatus,

70 2608 179 2669 viderat
200 2618 227 2670 et
248 2607 318 2670 totis
339 2622 512 2690 perceperat
533 2609 649 2671 ossibus
669 2618 791 2671 aestum.

71 2692 257 2773 luctatusque
278 2692 339 2767 niu,
361 2702 517 2774 postquam
539 2693 655 2756 ratione
676 2694 805 2756 furorem

70 2776 187 2839 rinoere
209 2794 269 2838 non
291 2778 399 2858 potuit,
419 2777 545 2858 supplex
565 2778 601 2840 ad
623 2778 724 2839 limina
744 2778 826 2839 venit

71 2871 100 2923 et
120 2861 207 2923 modo
230 2861 337 2924 nutriei
357 2862 497 2924 miserum
519 2864 672 2925 euniessus
693 2879 834 2936 amorem,

70 2964 109 3008 ne
130 2945 186 3007 sibi
208 2947 283 3009 dura
305 2946 390 3023 foret,
411 2965 466 3028 per
485 2965 554 3028 spes
576 2947 668 3008 orarit
687 2946 833 3021 alumnae,

70 3039 99 3092 et
119 3032 207 3093 modo
229 3031 266 3093 de
287 3030 387 3093 multis
407 3030 556 3094 blanditus
578 3031 685 3113 enique
706 3030 849 3094 ministris
1093 3041 1139 3092 006

71 3113 193 3177 sollieita
214 3115 298 3196 petiit
319 3134 500 3198 propensum
522 3135 593 3177 voce
615 3116 754 3190 lavarem,

71 3217 158 3281 saepe
175 3199 299 3264 ierenda
320 3201 400 3263 dedit
420 3199 536 3264 blandis
557 3220 610 3263 sua
632 3201 718 3263 ruba
740 3199 864 3274 tabellis,

71 3283 218 3346 interdum
239 3283 369 3347 madidas
389 3284 574 3349 lacrimarum
596 3303 664 3347 rore
686 3302 811 3347 coronas

138 3437 186 3488 606
205 3435 244 3502 tn]
262 3438 289 3486 te
305 3431 332 3484 Μ
385 3434 408 3487 si
426 3434 488 3487 tuh
546 3438 594 3489 ort
614 3434 748 3502 respiceh
807 3436 856 3486 608
874 3429 996 3485 naneti
1048 3431 1138 3484 tibiA

71 3504 120 3556 680
138 3506 193 3555 toto
229 3501 338 3555 amima
404 3505 453 3557 681
473 3502 545 3565 haee]
570 3517 648 3555 neer
715 3501 771 3554 sola
789 3517 838 3553 aaa.
856 3500 980 3568 Bentley,
1003 3514 1096 3565 magna
1113 3498 1139 3551 Α

71 3571 120 3624 688
138 3517 231 3622 mlii
300 3571 350 3624 684
368 3567 512 3623 deeorusC
581 3572 630 3625 686
652 3569 813 3636 tingenturh
882 3570 930 3621 680
952 3566 1014 3636 quid
1049 3565 1137 3620 nael)

71 3639 120 3690 682
138 3634 272 3706 quodlqui
285 3638 373 3690 Heius.
424 3640 474 3691 683
491 3635 691 3707 victoresqueii
742 3639 792 3691 686
808 3635 950 3690 idalieenlt
1003 3583 1138 3688 idiiiama

70 3757 120 3809 686
137 3769 261 3808 earam
310 3759 361 3809 iod
377 3759 441 3821 oss}
459 3756 599 3822 ignibusC
649 3759 724 3821 aest]
741 3715 839 3823 ieris·
899 3757 948 3807 008
966 3767 1079 3807 amorem
1095 3759 1138 3808 eat

70 3823 89 3874 G
140 3826 284 3878 006-707
309 3821 408 3879 aaut
466 3827 515 3877 706
539 3839 574 3880 m.
597 3823 673 3877 alieni
696 3823 849 3877 blanditah
907 3821 983 3874 alieni
1006 3821 1137 3875 blanditus

62 3890 155 3944 umiae
170 3908 186 3944 e
