2692 4230
117 154 180 219 210
580 161 736 217 1161111111.

117 351 205 416 saepe
228 334 316 398 etiam
338 336 485 418 nymphae
505 329 616 394 unceis
636 328 809 408 helegetdes
830 334 909 398 ulnis

117 417 221 493 tollere
243 430 400 495 conantur,
420 434 518 497 saepe,
540 423 574 476 ut
594 413 747 475 medeatur
767 418 870 496 amori,

117 504 304 586 praecipiunt
325 503 491 581 surdaeque
512 496 654 560 adhihent
674 496 780 562 solacia
802 504 904 567 menti.

116 599 198 652 muta
220 589 298 652 iacet
317 586 482 665 viridesque
503 583 566 644 suis
588 590 671 645 tenet
692 584 843 663 unguibus
863 588 968 653 herbas

115 672 216 754 Byblis
237 682 267 734 et
288 676 417 734 umectat
438 667 626 730 lacrimarum
647 667 780 749 gramina
801 669 872 732 rivo.

116 757 218 820 naidas
238 756 286 818 his
306 770 421 824 venam,
443 769 519 833 quae
541 770 703 835 numquam
724 771 857 816 arescere
874 769 984 837 posset,

115 839 309 923 supposuisse
330 837 445 898 lerunt:
468 836 539 918 quid
562 839 643 900 enim
664 838 733 900 dare
754 837 848 900 maius
872 839 1038 907 habehant?

115 926 263 1007 protinus,
285 930 319 983 ut
340 929 420 982 secto
443 920 543 1003 piceae
564 923 602 984 de
624 922 734 985 cortice
756 931 863 1002 guttae,

114 1020 182 1072 utve
203 1018 288 1070 tenax
311 1006 427 1085 gravida
448 1016 549 1069 manat
570 1006 676 1070 tellum
696 1007 841 1080 bitumen,

114 1103 182 1156 utve
203 1090 258 1153 sub
280 1091 407 1153 adventu
429 1092 571 1173 spirantis
592 1092 660 1156 lene
686 1092 784 1155 favoni

114 1176 177 1239 sole
198 1175 379 1238 remollescit
400 1195 475 1258 quae
497 1178 608 1257 frigore
630 1177 763 1241 constitit
784 1176 873 1251 unda,

113 1260 157 1322 sic
179 1259 308 1322 lacrimis
330 1273 505 1343 consumpta
526 1262 589 1324 suis
611 1262 759 1326 Phoeheta
781 1260 878 1346 Byblis

114 1344 236 1407 vertitur
255 1345 287 1408 in
310 1345 432 1421 sontem,
454 1348 505 1428 qui
529 1366 611 1409 nunc
633 1366 753 1429 quoque
775 1346 896 1410 vallibus
916 1345 975 1408 illis

114 1447 223 1491 nomen
245 1430 334 1494 habet
355 1432 492 1494 dominae
515 1432 736 1512 nigraqucsuh
758 1431 826 1495 ilice
846 1440 953 1495 manat.

198 1514 288 1578 Fama
310 1515 379 1578 novi
402 1524 522 1578 centum
546 1514 685 1577 Cretaeas
706 1516 829 1579 forsitan
852 1517 941 1580 urbes

112 1598 253 1681 inplesset
274 1600 411 1675 monstri,
433 1599 459 1660 si
482 1616 543 1660 non
566 1597 708 1660 miracula
731 1618 827 1680 nuper

111 1683 215 1766 Iphide
235 1693 348 1746 mutato
371 1683 457 1745 Crete
479 1682 620 1763 propiora
644 1682 769 1744 tulisset

111 1768 245 1850 proxima
267 1767 414 1830 Gnosiaco
438 1785 505 1829 nam
528 1767 677 1848 quondam
699 1766 833 1829 Phaestia
854 1784 946 1847 regno

38 1878 41 1886 ·
110 1851 271 1934 progenuit
290 1850 379 1915 tellus
399 1852 535 1933 ignotum
559 1852 679 1915 nomine
701 1853 837 1932 Ligdum,

112 1937 241 2016 ingenua
264 1937 301 1999 de
323 1937 410 2018 plebe
431 1937 537 2000 rhum.
583 1955 640 1999 nec
660 1955 769 1999 census
791 1937 822 1998 in
844 1935 895 1997 illo

112 2021 265 2084 nobilitate
286 2040 340 2084 sua
359 2022 465 2096 maior,
487 2021 539 2083 sed
563 2021 619 2082 vita
642 2021 775 2101 fidesque

110 2105 259 2188 inculpata
280 2106 346 2169 luit.
390 2105 524 2187 gravidae
546 2104 598 2186 qui
621 2105 758 2186 coniugis
779 2123 865 2167 aures

110 2191 231 2253 vocibus
251 2190 299 2252 his
319 2191 445 2265 monuit,
468 2208 536 2253 cum
559 2190 617 2252 iam
639 2208 735 2271 prope
759 2199 861 2270 partus
881 2189 1009 2251 adesset:

106 2268 195 2356 ‘quae
217 2293 345 2350 voveam,
368 2276 427 2337 duo
449 2285 535 2337 sunt:
558 2274 682 2337 minimo
705 2283 740 2337 ut
760 2273 887 2337 relevere
908 2273 1010 2337 dolore

110 2369 202 2441 utque
223 2378 334 2421 marem
356 2361 462 2441 parias.
506 2360 662 2422 onerosior
682 2359 775 2421 altera
796 2378 860 2422 sors
882 2369 935 2434 est,

109 2454 139 2506 et
161 2445 238 2506 vires
259 2443 378 2507 fortuna
402 2455 499 2523 negat.
544 2445 623 2526 quod
646 2444 811 2518 abominor,
834 2462 904 2524 ergo

108 2529 185 2591 edita
208 2529 283 2591 torta
305 2538 357 2590 tuo
380 2529 470 2591 luerit
489 2529 514 2591 si
537 2529 646 2591 lamina
669 2539 767 2610 partu,

109 2613 230 2691 (inritus
251 2614 375 2675 mando:
399 2615 502 2695 pietas,
525 2614 648 2693 ignosce
660 2614 680 2689 1)
704 2606 845 2675 necetur?

108 2698 229 2769 dixerat,
252 2707 281 2759 et
301 2697 430 2760 lacrimis
451 2698 563 2760 vultum
586 2698 683 2761 lavere
704 2697 835 2779 prolusis

107 2793 166 2846 tam
189 2782 239 2864 qui
262 2782 429 2857 mandabat,
452 2801 541 2863 quam
562 2783 611 2845 cui
634 2784 767 2845 mandata
790 2781 943 2844 dabantur.

108 2868 159 2930 sed
181 2877 278 2929 tamen
302 2885 397 2947 usque
418 2885 505 2929 suum
527 2869 611 2930 vanis
631 2866 789 2930 Telethusa
811 2866 946 2927 maritum

107 2951 245 3014 sollicitat
265 2951 413 3034 precibus,
436 2971 474 3013 ne
495 2971 579 3033 spem
602 2951 659 3014 sibi
680 2961 772 3034 ponat
793 2952 825 3014 in
845 2960 918 3012 arto.

107 3046 186 3098 certa
207 3054 260 3097 sua
283 3047 328 3098 est
350 3036 443 3116 Ligdo
466 3037 621 3100 sententia.
664 3037 781 3118 iamque
802 3035 922 3097 serendo
1045 3092 1050 3100 ,
1134 3044 1178 3097 686

107 3121 152 3183 rix
175 3130 237 3182 erat
258 3119 308 3182 illa
330 3138 447 3200 gravem
469 3132 584 3184 maturo
607 3123 739 3204 pondere
760 3130 900 3191 sennem,

107 3223 175 3266 cum
197 3204 294 3267 medio
319 3207 414 3268 noctis
436 3205 530 3288 spatio
553 3207 608 3269 sub
630 3207 757 3286 imagine
779 3205 874 3266 somni

175 3357 225 3408 663
243 3355 330 3418 etiam]
349 3353 419 3406 illam
437 3373 452 3411 s
510 3355 639 3423 nymphae
657 3355 682 3407 in
702 3360 718 3407 t.
738 3354 843 3406 leleides
860 3352 885 3405 ll
946 3356 995 3407 651
1014 3368 1133 3405 conamur
1149 3351 1175 3404 ll

106 3421 282 3479 medentum
333 3421 512 3475 moderetnrh
574 3425 623 3476 661
642 3421 754 3475 risusbl
815 3423 865 3474 666
883 3421 1009 3473 naidesh
1060 3435 1176 3472 arescere

106 3495 131 3551 (a
149 3506 185 3542 eac
202 3488 269 3555 c)bl
339 3491 389 3544 ott
407 3487 520 3558 utquei
589 3493 639 3544 666
663 3505 728 3558 quae
751 3490 813 3541 add.
831 3487 871 3540 hl'
938 3492 988 3543 664
1012 3485 1176 3557 phebeidai

106 3560 157 3613 669
180 3555 319 3611 mutatui
387 3554 558 3625 propriorai
627 3561 674 3612 611
701 3558 827 3624 ignotos
894 3560 943 3610 616
965 3556 1010 3608 sed
1032 3573 1068 3608 aa
1088 3563 1129 3608 set
1148 3554 1174 3607 11

106 3629 157 3680 oto
177 3640 299 3679 voveoa
367 3625 482 3745 minirpol]
506 3627 586 3678 nimio
603 3625 629 3679 hl
699 3625 821 3678 labores
889 3627 939 3679 619
960 3624 1029 3688 tort]
1053 3620 1176 3676 natural

407 3693 468 3746 inu
496 3695 527 3746 e¹

105 3763 177 3828 ergo]
195 3755 287 3814 esaei.
338 3763 388 3814 680
406 3709 560 3828 1311οοὶ11
614 3763 661 3814 681
682 3763 807 3827 inmorg.
824 3759 835 3814 1
852 3758 986 3829 prolusibl
1037 3761 1088 3813 656
1105 3765 1173 3810 certa

104 3832 129 3892 (a
148 3843 184 3879 eac
200 3831 225 3893 e)
242 3843 290 3880 suo
308 3826 333 3879 bl
387 3828 489 3881 lerenda
508 3826 523 3880 1
592 3832 643 3884 686
661 3829 782 3881 adfixerat
800 3828 824 3882 ,11
844 3832 871 3888 ti.
888 3846 911 3880 r.
929 3845 944 3880 x
961 3827 1044 3890 [abac
1061 3826 1176 3893 videtur,

104 3912 159 3949 non
176 3900 204 3962 n)
255 3904 391 3950 senerata
442 3894 574 3950 siderali
626 3897 668 3949 rix
686 3904 741 3950 erat
758 3901 827 3950 coni.
844 3898 932 3949 liciae.
