2692 4230
133 121 258 170 cornacus
552 113 604 180 vu,
621 115 764 167 'tto-771.

132 288 274 368 pervenit.
317 286 434 349 orabam
459 282 572 345 veniam
595 293 624 346 et
645 302 781 366 peccasse
802 284 913 347 fatebar

134 380 163 434 et
185 373 315 454 potuisse
337 369 411 433 datis
432 366 520 428 simili
542 370 734 434 succumbere
755 369 860 454 culpae

132 474 179 518 me
201 475 320 538 quoque
340 451 523 529 muneribus,
545 454 570 517 si
593 473 716 519 munera
730 464 810 519 tanta
834 456 982 518 darentur.
1155 466 1199 516 'tto

132 541 204 604 haec
226 540 297 602 mihi
319 537 465 611 confesso,
487 537 598 602 laesum
619 541 703 622 prius
723 539 784 603 ulta
808 541 960 622 pudorem,

132 626 263 688 redditur
285 632 314 683 et
334 620 435 683 dulces
457 624 644 688 concorditer
665 624 752 703 exigit
773 642 877 687 annos.

132 710 181 771 det
200 707 272 770 mihi
294 713 452 786 praeterea,
474 717 622 790 tamquam
643 726 676 769 se
698 725 784 788 parva
805 708 931 770 dedisset

131 794 218 865 dona,
242 808 342 852 canem
364 809 482 868 munus,
505 810 593 875 quem
616 809 684 854 cum
706 808 758 852 sua
779 792 905 853 traderet
926 792 968 854 illi

132 875 264 957 Cynthia,
287 877 453 950 „currendo
475 876 645 959 superabit“
667 874 780 937 dixerat
803 879 956 952 „omnes“.
1155 887 1198 937 755

131 961 180 1023 dat
201 957 288 1021 simul
311 961 496 1037 uinculum,
518 959 655 1023 manibus
677 959 756 1041 quod
778 960 897 1036 (cernis)
918 960 1068 1023 babemus.

132 1045 262 1106 muneris
282 1042 403 1108 alterius
426 1063 501 1126 quae
522 1046 561 1106 sit
582 1044 711 1121 fortuna,
734 1042 881 1126 requiris?

132 1127 248 1209 accipe:
271 1129 394 1192 mirandi
417 1129 544 1190 novitate
565 1129 721 1192 movebere
741 1130 818 1192 facti.

217 1212 351 1276 Carmina
373 1212 494 1274 Laiades
516 1231 577 1275 non
600 1212 747 1277 intellecta
769 1214 901 1295 priorum

131 1295 256 1361 solverat
277 1297 414 1378 ingeniis,
437 1308 466 1359 et
486 1298 676 1380 praecipitata
699 1297 811 1360 iacebat

131 1383 276 1445 inmemor
296 1381 452 1461 ambagum
473 1391 553 1446 vates
575 1383 700 1444 obscura
724 1399 852 1444 suarum.

130 1468 266 1549 protinus
286 1465 389 1527 Aoniis
410 1465 569 1529 inmittitur
590 1466 678 1528 altera
700 1464 809 1528 Thebis

130 1552 232 1633 pestis,
254 1560 284 1613 et
305 1550 394 1612 exitio
416 1550 501 1612 multi
523 1567 724 1632 pecorumque
746 1568 858 1631 suoque

130 1635 286 1714 rurigenae
307 1653 411 1716 pavere
432 1635 534 1698 ieram.
578 1635 672 1699 uicina
693 1635 829 1698 iuventus

131 1718 264 1782 venimus
285 1730 314 1781 et
334 1718 409 1782 latos
430 1720 570 1800 indagine
590 1719 736 1782 cinximus
756 1736 852 1799 agros.

130 1802 179 1866 ilia
200 1803 256 1866 leri
277 1804 360 1866 velox
381 1804 539 1886 superabat
559 1804 633 1867 retia
655 1803 730 1867 saltu

130 1906 301 1970 summaque
323 1889 463 1953 transibat
485 1889 649 1971 positarum
670 1887 731 1951 lina
752 1888 912 1971 plagarum.

130 1972 238 2054 copula
260 1973 421 2036 domabitur
443 1974 580 2037 canibus:
605 1972 748 2056 quasilla
769 1980 925 2054 soquentes

132 2057 235 2138 effugit
257 2067 285 2120 ct
307 2057 395 2120 celeri
418 2077 478 2120 non
501 2059 622 2138 segnior
643 2059 711 2121 alite
733 2058 816 2120 tuoit
1155 2064 1198 2116 tto

130 2160 239 2223 poscor
259 2152 288 2204 et
308 2143 372 2224 ipse
393 2161 492 2242 meum
514 2162 662 2206 consensu
685 2141 809 2224 Laelapa
830 2158 937 2220 magno

198 2311 247 2363 tat
265 2310 381 2378 pervenit
398 2326 433 2361 ea
451 2316 489 2362 ter
506 2309 577 2363 venit
594 2308 635 2362 id·
685 2313 713 2362 et
729 2323 770 2362 me
787 2304 803 2360 λ
855 2310 902 2360 'tot
922 2306 992 2358 laesit
1010 2307 1036 2370 (u
1053 2307 1072 2356 i.
1084 2320 1108 2356 r.
1120 2318 1155 2355 m.
1170 2301 1197 2365 2)

130 2378 228 2429 —uita
246 2382 293 2439 (aa
308 2377 399 2429 iilam.
410 2377 439 2439 2)
456 2376 482 2429 Μ
500 2380 541 2442 (in
556 2393 644 2443 marg.
661 2374 739 2439 uitn')
789 2375 840 2429 boc
856 2390 897 2428 me
914 2373 1032 2428 confesso
1050 2371 1103 2424 leto
1120 2371 1198 2423 michi

130 2444 198 2497 ricta
215 2445 311 2512 pudore
327 2463 341 2496 ε
358 2461 402 2511 pr.
420 2461 482 2524 our..
494 2445 554 2534 beet.
624 2446 673 2499 tst
696 2443 809 2498 redditur
829 2452 870 2509 (ur
886 2446 906 2496 i.
922 2459 946 2494 r.
962 2457 997 2493 m.
1016 2438 1084 2507 bibi
1147 2442 1196 2492 ibb

130 2578 296 2646 superaritbi
348 2584 397 2634 'too
416 2513 551 2649 onrigtibnos
567 2578 716 2634 nicenisid
766 2574 890 2632 innuet
935 2579 989 2697 {2⁸
1006 2579 1046 2629 rie
1063 2576 1197 2629 cibatus.

130 2780 308 2832 ntundnan
378 2785 427 2835 759
445 2741 555 2836 carminac
572 2781 598 2835 bi
668 2778 809 2834 naiadeeA
878 2726 1011 2845 nunditiam
1075 2793 1123 2830 eru.
1140 2778 1198 2831 dae.

134 2931 273 2983 Toni-otius
325 2938 374 2987 760
395 2867 510 2988 soluiiilih
520 2934 546 2987 M
598 2934 735 2990 solvuntc
785 2933 897 2986 solverat
913 2932 1002 2983 Herm.
1069 2933 1131 2983 Post
1148 2929 1196 2982 761

897 2999 912 3053 i.
923 3000 983 3118 ἰρειί
988 2999 1005 3050 f.
1015 2996 1082 3050 iacta

857 3088 859 3091 ·
877 3083 885 3118 ι

131 3135 195 3185 baec
210 3139 275 3185 eunt
291 3139 320 3186 a'n
337 3151 404 3199 mrg.
424 3135 447 3186 bi
467 3154 483 3187 a
501 3152 534 3188 m.
552 3137 584 3187 3:
607 3136 704 3187 scilieet
729 3136 793 3187 alma
811 3135 902 3187 citerus
932 3134 989 3186 neit!
1018 3133 1081 3185 ralia
1101 3133 1197 3189 inulta:

130 3285 186 3339 ini
203 3305 220 3338 a
232 3303 265 3339 m.
278 3305 330 3339 rec.
348 3292 376 3338 ἐπ
394 3303 461 3353 mg.
480 3293 506 3339 et
523 3293 552 3338 in
570 3305 583 3338 a
600 3291 736 3338 tratactu:
754 3287 836 3339 silicet
853 3287 919 3339 elme
936 3219 1014 3338 ienis
1032 3234 1049 3336 ri
1067 3286 1127 3337 tolia
1145 3285 1198 3354 itur

130 3355 224 3414 inultm
251 3373 281 3407 ea
302 3360 461 3422 proscripsit
482 3355 585 3408 Merkel
652 3357 701 3409 toa
726 3355 786 3407 inm.
806 3354 860 3419 alt}
884 3355 989 3407 inmissa
1013 3360 1052 3406 est
1076 3353 1159 3406 bestia
1183 3372 1199 3410 c

130 3424 222 3487 (bestia
240 3423 249 3476 i
268 3431 340 3476 rates
358 3427 386 3475 tn
403 3422 510 3489 rorgii
529 3423 601 3486 Μ)
654 3425 702 3476 tos
721 3421 800 3490 pestis
817 3425 851 3474 ei.
869 3422 984 3474 Gronou
1037 3420 1076 3486 c}
1095 3421 1198 3473 essitb

130 3507 253 3627 {geist
311 3575 437 3630 moltiori
497 3575 570 3628 multi
589 3579 622 3627 ci.
642 3575 755 3626 θνοηου.
806 3504 972 3642 peclorrilclpiiee
1034 3574 1197 3642 suumqueG

132 3642 253 3695 Poettot
271 3642 416 3708 iambi
433 3660 497 3696 om.
513 3647 525 3696 1
543 3647 657 3695 iteratus
674 3646 713 3693 eat
729 3643 814 3696 utos
865 3645 913 3696 165
932 3641 1106 3708 rurigenamc
1157 3658 1198 3694 ru·

131 3707 263 3857 iigcgtlriie
314 3776 469 3845 pgaverebi
522 3781 571 3834 769
590 3776 687 3858 quosb
737 3781 787 3830 iit)
804 3783 830 3830 et
844 3777 922 3846 catilli,
932 3775 969 3829 bi'
1023 3783 1049 3829 et
1067 3783 1125 3846 ecto
1140 3775 1198 3833 bi’r

132 3852 156 3898 et
174 3845 249 3898 celeri
268 3861 316 3896 em.
334 3845 476 3910 bierieie)
528 3852 554 3898 et
573 3847 670 3900 volueri
688 3846 775 3898 Heius.

184 3936 265 3984 ovid.
280 3937 367 3980 fletam.
964 3934 996 3982 ii
