2692 4230
57 111 117 176 108
515 119 668 175 ΜΕΤΑΜΜ,
911 138 997 180 cram.
1025 140 1129 179 4444440

57 291 194 355 omnibus
216 301 262 356 est
283 295 381 366 terris,
403 292 485 352 omni
508 290 639 370 quaesita
660 295 818 373 profundo.

54 374 133 438 illam
155 396 217 440 non
240 379 307 440 udis
326 375 449 438 veniens
472 377 585 435 Aurora
607 377 721 456 capillis
1084 391 1128 442 444

55 472 217 525 cessantem
239 463 321 536 vidit,
343 477 405 520 non
428 457 586 540 Hesperus.
630 459 677 522 illa
699 463 813 526 duabus

53 546 239 609 flammiferas
262 546 352 627 pinus
373 543 510 605 manibus
530 545 683 606 succendit
703 546 740 608 ab
763 551 856 611 44444

53 650 166 713 perque
187 631 344 712 pruinosas
366 627 434 689 tulit
454 627 617 710 inrequieta
640 630 785 694 tenebras.
838 694 841 699 ,

54 735 157 778 rursus
179 715 230 777 ubi
251 713 327 774 alma
349 712 413 774 dies
434 713 583 776 hebetarat
603 713 708 786 sidera,
731 725 827 778 natam

53 800 125 862 solis
146 800 182 862 ab
205 816 314 860 occasu
335 796 406 858 solis
428 800 587 878 quaerebat
608 799 644 861 ad
666 808 758 861 ortus.

52 885 128 946 lassa
150 883 251 945 labore
271 881 351 945 sitim
373 881 541 962 collegerat,
564 902 673 965 oraque
694 883 768 945 nulli

53 969 216 1030 colluerant
238 967 345 1040 lentes,
366 984 434 1029 cum
458 977 564 1032 tectam
584 968 724 1032 stramine
744 968 816 1030 vidit

53 1054 128 1115 40444
150 1070 257 1127 casam,
280 1070 444 1134 parvasque
465 1055 545 1118 iores
565 1054 704 1136 pulsarit:
727 1053 846 1115 atinde

53 1137 150 1218 prodit
171 1155 246 1198 anus
268 1137 424 1219 divamque
446 1139 525 1202 ridet
545 1139 753 1222 lymphamque
773 1137 892 1217 roganti

53 1220 139 1283 dulce
160 1220 251 1296 dedit,
274 1230 350 1285 tosta
371 1225 451 1305 quod
474 1235 584 1288 texerat
604 1236 672 1288 ante
694 1224 823 1306 polenta.

52 1305 123 1366 dum
145 1305 221 1369 bibit
241 1307 291 1369 illa
313 1308 424 1382 datum,
446 1310 513 1371 duri
536 1329 610 1391 puer
631 1311 691 1380 oris
713 1318 742 1370 et
763 1309 857 1370 audax

52 1390 185 1453 constitit
205 1403 275 1455 ante
297 1394 380 1455 deam
402 1393 526 1475 risitque
546 1394 717 1475 aridamque
738 1394 859 1455 vocarit.

53 1475 164 1538 offensa
185 1487 231 1540 est
252 1497 350 1560 neque
371 1478 467 1541 adlruc
489 1487 576 1560 epota
598 1490 680 1560 parte
701 1478 872 1558 loquentem

52 1579 120 1623 cum
142 1561 255 1643 liquido
278 1563 367 1624 mixta
389 1562 518 1643 pertudit
539 1563 602 1622 diva
624 1562 752 1642 polenta.

51 1646 184 1709 conbibit
205 1665 240 1708 os
261 1644 401 1716 maculas,
423 1655 453 1707 et
473 1664 549 1725 quae
570 1647 658 1707 ruodo
681 1644 815 1706 bracchia
838 1647 939 1723 gessit,

52 1748 138 1793 crura
159 1732 252 1810 gerit3
275 1731 368 1791 cauda
390 1738 435 1791 est
456 1730 576 1791 mutatis
597 1730 693 1791 addita
714 1728 865 1802 membris,

51 1815 146 1896 inque
164 1815 282 1877 brevem
304 1814 439 1890 formam,
462 1833 500 1876 ne
522 1815 623 1876 sitris
644 1833 749 1894 magna
772 1814 910 1888 nocendi,

50 1900 245 1975 contrahitur,
269 1918 415 1980 parvaque
436 1899 536 1961 minor
557 1917 694 1960 mensura
716 1898 823 1962 lacerta
845 1910 900 1960 est.

49 1983 204 2046 mirantem
227 1985 407 2065 flentemque
429 1996 458 2046 et
480 1994 601 2063 tangere
623 1995 753 2046 monstra
775 1994 929 2065 parantem

51 2068 127 2148 fugit
148 2089 238 2132 anum
260 2069 461 2150 latebramque
484 2070 571 2152 petit3
595 2079 755 2150 aptumque
777 2069 885 2150 pudori

50 2172 158 2216 nomen
180 2154 278 2229 habet,
300 2155 387 2217 variis
408 2153 542 2217 stellatus
562 2173 686 2236 corpora
707 2155 808 2234 guttis.

135 2238 214 2310 Quas
235 2240 289 2301 dea
311 2258 366 2321 per
388 2250 480 2302 terras
502 2250 531 2301 et
552 2258 624 2320 quas
645 2240 784 2301 erraverit
805 2239 910 2313 undas,

49 2323 148 2385 dicere
170 2324 258 2404 longa
280 2342 363 2386 mora
385 2332 445 2386 est:
468 2325 622 2405 quaerenti
644 2325 736 2386 deluit
758 2325 850 2386 orbis.

50 2407 196 2470 Sicaniam
219 2409 337 2490 repetit.
359 2410 489 2490 dumque
511 2410 611 2472 omnia
633 2410 738 2471 lustrat
758 2411 868 2481 eundo,

48 2494 179 2556 renitet
201 2494 237 2555 ad
260 2494 389 2573 Cyanen.
434 2514 467 2556 ea
490 2495 520 2556 ni
542 2504 651 2556 mutata
672 2494 784 2568 luisset,

50 2579 148 2641 omnia
171 2589 333 2641 narrasset:
356 2581 407 2642 aed
429 2590 457 2642 et
480 2598 514 2640 os
535 2588 564 2641 et
585 2580 685 2659 lingua
707 2580 815 2641 volenti

48 2663 146 2727 dicere
169 2682 229 2726 non
252 2665 383 2740 aderant,
407 2683 462 2728 nec
485 2683 544 2745 quo
566 2664 737 2745 loqueretur
757 2663 891 2726 babebat.

47 2750 131 2830 signa
154 2758 250 2812 tamen
273 2751 427 2812 manifesta
448 2749 529 2812 dedit
551 2759 708 2830 notamque
732 2750 857 2831 parenti,

101 2971 165 3056 'ato
185 2899 390 3056 nonliitiiiissf
453 2971 504 3022 444
523 2964 699 3036 damigerasl
758 2971 808 3022 443
827 2915 970 3034 iirrequieta
987 2963 1015 3016 M
1072 2967 1121 3018 445

47 3035 152 3156 sidaec.
170 3133 202 3142 -—
215 3035 361 3156 ¹ildabooriiii
378 3102 404 3154 ll
456 3102 489 3155 ad
505 3102 623 3157 ortuml
677 3103 709 3155 ad
728 3119 887 3157 occasus-
905 3102 937 3154 ab
957 3107 1015 3155 ortu
1033 3101 1122 3151 144444.

523 3171 533 3222 4
561 3171 692 3224 laverant·
1054 3166 1123 3220 exit*

47 3241 97 3291 446
108 3241 172 3290 4444
206 3239 390 3307 conceperattl
437 3242 487 3292 447
500 3240 631 3292 coluerant
688 3238 713 3290 44
747 3244 917 3291 contectams
962 3239 1013 3289 449
1026 3235 1111 3304 prodit

157 3321 248 3376 440444
460 3322 529 3377 440·
798 3323 919 3376 44444444
998 3319 1104 3388 lquod

46 3387 79 3508 bll
107 3394 157 3443 450
181 3395 280 3443 testae
326 3387 428 3444 404444
462 3395 559 3444 texerat
570 3391 596 3442 ll
630 3388 767 3444 40444444
809 3396 967 3510 404444441
996 3403 1121 3507 ‘¹⁰⁸¹”d.⁸

131 3464 157 3510 44
756 3468 757 3471 ’
984 3471 1092 3509 nocent

46 3525 207 3592 polentsmr
258 3529 307 3579 454
326 3523 398 3592 0444444)
413 3525 439 3578 ll
491 3530 542 3580 455
559 3526 689 3593 4044444544
705 3529 754 3590 (er.
772 3526 836 3589 444)
886 3528 935 3579 457
954 3523 1078 3592 loquendi
1094 3522 1120 3574 ll

45 3596 95 3647 459
113 3598 283 3662 parentem:
334 3597 384 3648 460
401 3591 599 3663 444444440444
643 3596 717 3663 petiit
734 3594 876 3647 latebrosa
928 3597 978 3648 460
992 3592 1121 3660 44464440·

43 3660 121 3720 loris
167 3665 216 3716 464
231 3661 590 3715 stillatuseom'.baclamann
624 3662 767 3732 corporali
811 3661 1006 3716 ablenaritin
1020 3659 1122 3713 undisr

45 3733 97 3784 464
114 3730 190 3798 petiit
206 3729 233 3782 M
283 3733 332 3784 467
351 3747 401 3799 qua
418 3727 468 3783 bt¹
502 3747 552 3799 qne
570 3728 598 3783 4ι
641 3748 692 3799 quo
710 3732 799 3785 Heius.
843 3731 973 3798 lrabebaJlt
991 3727 1017 3779 bl
1070 3729 1120 3780 468

45 3823 158 3934 4444444404
176 3864 202 3918 bl
