<?xml version="1.0" encoding="UTF-8"?>
<!DOCTYPE html PUBLIC "-//W3C//DTD XHTML 1.0 Transitional//EN"
    "http://www.w3.org/TR/xhtml1/DTD/xhtml1-transitional.dtd">
<html xmlns="http://www.w3.org/1999/xhtml" xml:lang="en" lang="en">
 <head>
  <title>
</title>
<meta http-equiv="Content-Type" content="text/html;charset=utf-8" />
  <meta name='ocr-system' content='tesseract 3.04.00' />
  <meta name='ocr-capabilities' content='ocr_page ocr_carea ocr_par ocr_line ocrx_word'/>
</head>
<body>
  <div class='ocr_page' id='page_1' title='image "./povidinasonisme00korngoog_0251.png"; bbox 0 0 2692 4230; ppageno 0'>
   <div class='ocr_carea' id='block_1_1' title="bbox 115 120 1184 188">
    <p class='ocr_par' dir='ltr' id='par_1_1' title="bbox 115 120 1184 188">
     <span class='ocr_line' id='line_1_1' title="bbox 115 120 1184 188; baseline 0.007 -8"><span class='ocrx_word' id='word_1_1' title='bbox 115 120 177 184; x_wconf 78' lang='lat'><strong>234</strong></span> <span class='ocrx_word' id='word_1_2' title='bbox 574 127 729 182; x_wconf 76' lang='grc' dir='ltr'><strong>ΜΕΤΑΜΜ.</strong></span> <span class='ocrx_word' id='word_1_3' title='bbox 904 146 1066 187; x_wconf 74' lang='lat' dir='ltr'><strong>auronum.</strong></span> <span class='ocrx_word' id='word_1_4' title='bbox 1095 148 1184 188; x_wconf 76' lang='lat' dir='ltr'><strong>roonis</strong></span> 
     </span>
    </p>
   </div>
   <div class='ocr_carea' id='block_1_2' title="bbox 115 296 1184 382">
    <p class='ocr_par' dir='ltr' id='par_1_2' title="bbox 115 296 1184 382">
     <span class='ocr_line' id='line_1_2' title="bbox 115 296 1184 382; baseline 0.005 -21"><span class='ocrx_word' id='word_1_5' title='bbox 115 299 250 382; x_wconf 81' lang='lat' dir='ltr'><strong>exemplo</strong></span> <span class='ocrx_word' id='word_1_6' title='bbox 272 319 361 365; x_wconf 83' lang='lat' dir='ltr'><strong>caveo</strong></span> <span class='ocrx_word' id='word_1_7' title='bbox 383 317 491 380; x_wconf 84' lang='lat' dir='ltr'><strong>meque</strong></span> <span class='ocrx_word' id='word_1_8' title='bbox 512 297 576 377; x_wconf 90' lang='lat' dir='ltr'><strong>ipsa</strong></span> <span class='ocrx_word' id='word_1_9' title='bbox 598 296 737 358; x_wconf 77' lang='lat' dir='ltr'><strong>exhortor</strong></span> <span class='ocrx_word' id='word_1_10' title='bbox 759 299 789 360; x_wconf 92' lang='lat' dir='ltr'><strong>in</strong></span> <span class='ocrx_word' id='word_1_11' title='bbox 812 301 922 364; x_wconf 89' lang='lat' dir='ltr'><strong>ambos.</strong></span> <span class='ocrx_word' id='word_1_12' title='bbox 1140 315 1184 366; x_wconf 79' lang='grc'><strong>666</strong></span> 
     </span>
    </p>
   </div>
   <div class='ocr_carea' id='block_1_3' title="bbox 115 380 971 541">
    <p class='ocr_par' dir='ltr' id='par_1_3' title="bbox 115 380 971 541">
     <span class='ocr_line' id='line_1_3' title="bbox 115 380 971 467; baseline 0.004 -21"><span class='ocrx_word' id='word_1_13' title='bbox 115 385 235 467; x_wconf 85' lang='lat' dir='ltr'><strong>templa,</strong></span> <span class='ocrx_word' id='word_1_14' title='bbox 256 385 345 449; x_wconf 89' lang='lat' dir='ltr'><strong>deum</strong></span> <span class='ocrx_word' id='word_1_15' title='bbox 367 385 452 446; x_wconf 85' lang='lat' dir='ltr'><strong>Matri</strong></span> <span class='ocrx_word' id='word_1_16' title='bbox 473 398 549 461; x_wconf 87' lang='lat' dir='ltr'><strong>quae</strong></span> <span class='ocrx_word' id='word_1_17' title='bbox 572 380 720 459; x_wconf 88' lang='lat' dir='ltr'><strong>quondam</strong></span> <span class='ocrx_word' id='word_1_18' title='bbox 742 382 838 448; x_wconf 86' lang='lat' dir='ltr'><strong>clarus</strong></span> <span class='ocrx_word' id='word_1_19' title='bbox 860 387 971 450; x_wconf 85' lang='lat' dir='ltr'><strong>Echion</strong></span> 
     </span>
     <span class='ocr_line' id='line_1_4' title="bbox 115 461 802 541; baseline -0.004 -10"><span class='ocrx_word' id='word_1_20' title='bbox 115 468 223 532; x_wconf 87' lang='lat' dir='ltr'><strong>iecerat</strong></span> <span class='ocrx_word' id='word_1_21' title='bbox 244 489 280 533; x_wconf 85' lang='lat' dir='ltr'><strong>ex</strong></span> <span class='ocrx_word' id='word_1_22' title='bbox 301 478 381 541; x_wconf 84' lang='lat' dir='ltr'><strong>roto,</strong></span> <span class='ocrx_word' id='word_1_23' title='bbox 405 463 570 528; x_wconf 84' lang='lat' dir='ltr'><strong>nemorosis</strong></span> <span class='ocrx_word' id='word_1_24' title='bbox 591 461 690 525; x_wconf 87' lang='lat' dir='ltr'><strong>abdita</strong></span> <span class='ocrx_word' id='word_1_25' title='bbox 712 464 802 539; x_wconf 82' lang='lat' dir='ltr'><strong>silvis,</strong></span> 
     </span>
    </p>
   </div>
   <div class='ocr_carea' id='block_1_4' title="bbox 31 547 1156 3255">
    <p class='ocr_par' dir='ltr' id='par_1_4' title="bbox 113 547 1156 2239">
     <span class='ocr_line' id='line_1_5' title="bbox 114 547 889 630; baseline -0.003 -13"><span class='ocrx_word' id='word_1_26' title='bbox 114 555 288 630; x_wconf 84' lang='lat' dir='ltr'><strong>transibant,</strong></span> <span class='ocrx_word' id='word_1_27' title='bbox 310 562 340 615; x_wconf 87' lang='lat' dir='ltr'><strong>et</strong></span> <span class='ocrx_word' id='word_1_28' title='bbox 361 552 417 612; x_wconf 85' lang='lat' dir='ltr'><strong>iter</strong></span> <span class='ocrx_word' id='word_1_29' title='bbox 438 549 561 626; x_wconf 91' lang='lat' dir='ltr'><strong>longum</strong></span> <span class='ocrx_word' id='word_1_30' title='bbox 583 547 770 629; x_wconf 88' lang='lat' dir='ltr'><strong>requiescere</strong></span> <span class='ocrx_word' id='word_1_31' title='bbox 791 555 889 617; x_wconf 89' lang='lat' dir='ltr'><strong>suasit.</strong></span> 
     </span>
     <span class='ocr_line' id='line_1_6' title="bbox 115 632 733 715; baseline -0.013 -14"><span class='ocrx_word' id='word_1_32' title='bbox 115 639 177 701; x_wconf 90' lang='lat' dir='ltr'><strong>illie</strong></span> <span class='ocrx_word' id='word_1_33' title='bbox 197 636 376 701; x_wconf 88' lang='lat' dir='ltr'><strong>concubitus</strong></span> <span class='ocrx_word' id='word_1_34' title='bbox 397 632 602 714; x_wconf 85' lang='lat' dir='ltr'><strong>intempestiva</strong></span> <span class='ocrx_word' id='word_1_35' title='bbox 625 632 733 715; x_wconf 88' lang='lat' dir='ltr'><strong>cupido</strong></span> 
     </span>
     <span class='ocr_line' id='line_1_7' title="bbox 115 718 940 804; baseline 0 -19"><span class='ocrx_word' id='word_1_36' title='bbox 115 732 242 804; x_wconf 85' lang='lat' dir='ltr'><strong>occupat</strong></span> <span class='ocrx_word' id='word_1_37' title='bbox 262 721 483 801; x_wconf 83' lang='lat' dir='ltr'><strong>Hippomenen,</strong></span> <span class='ocrx_word' id='word_1_38' title='bbox 504 736 520 778; x_wconf 93' lang='lat' dir='ltr'><strong>a</strong></span> <span class='ocrx_word' id='word_1_39' title='bbox 544 719 667 781; x_wconf 81' lang='lat' dir='ltr'><strong>nuntiae</strong></span> <span class='ocrx_word' id='word_1_40' title='bbox 689 718 804 780; x_wconf 84' lang='lat' dir='ltr'><strong>concita</strong></span> <span class='ocrx_word' id='word_1_41' title='bbox 830 731 940 785; x_wconf 89' lang='lat' dir='ltr'><strong>nostro.</strong></span> 
     </span>
     <span class='ocr_line' id='line_1_8' title="bbox 114 801 884 885; baseline -0.004 -15"><span class='ocrx_word' id='word_1_42' title='bbox 114 807 235 870; x_wconf 90' lang='lat' dir='ltr'><strong>luminis</strong></span> <span class='ocrx_word' id='word_1_43' title='bbox 257 802 360 883; x_wconf 82' lang='lat' dir='ltr'><strong>exigui·</strong></span> <span class='ocrx_word' id='word_1_44' title='bbox 377 801 471 865; x_wconf 89' lang='lat' dir='ltr'><strong>iuerat</strong></span> <span class='ocrx_word' id='word_1_45' title='bbox 493 820 588 885; x_wconf 91' lang='lat' dir='ltr'><strong>propc</strong></span> <span class='ocrx_word' id='word_1_46' title='bbox 610 802 719 885; x_wconf 90' lang='lat' dir='ltr'><strong>templa</strong></span> <span class='ocrx_word' id='word_1_47' title='bbox 742 820 884 880; x_wconf 87' lang='lat' dir='ltr'><strong>recessus,</strong></span> 
     </span>
     <span class='ocr_line' id='line_1_9' title="bbox 115 885 798 974; baseline -0.009 -20"><span class='ocrx_word' id='word_1_48' title='bbox 115 891 274 974; x_wconf 81' lang='lat' dir='ltr'><strong>speluncae</strong></span> <span class='ocrx_word' id='word_1_49' title='bbox 295 885 410 962; x_wconf 81' lang='lat' dir='ltr'><strong>similis,</strong></span> <span class='ocrx_word' id='word_1_50' title='bbox 432 886 529 949; x_wconf 83' lang='lat' dir='ltr'><strong>nativo</strong></span> <span class='ocrx_word' id='word_1_51' title='bbox 552 889 671 968; x_wconf 80' lang='lat' dir='ltr'><strong>pumice</strong></span> <span class='ocrx_word' id='word_1_52' title='bbox 692 895 798 962; x_wconf 84' lang='lat' dir='ltr'><strong>tectus,</strong></span> 
     </span>
     <span class='ocr_line' id='line_1_10' title="bbox 114 971 849 1055; baseline -0.008 -17"><span class='ocrx_word' id='word_1_53' title='bbox 114 976 257 1055; x_wconf 86' lang='lat' dir='ltr'><strong>religione</strong></span> <span class='ocrx_word' id='word_1_54' title='bbox 279 990 364 1034; x_wconf 85' lang='lat' dir='ltr'><strong>sacer</strong></span> <span class='ocrx_word' id='word_1_55' title='bbox 385 971 493 1052; x_wconf 87' lang='lat' dir='ltr'><strong>prisca,</strong></span> <span class='ocrx_word' id='word_1_56' title='bbox 516 991 576 1053; x_wconf 89' lang='lat' dir='ltr'><strong>quo</strong></span> <span class='ocrx_word' id='word_1_57' title='bbox 598 974 690 1037; x_wconf 87' lang='lat' dir='ltr'><strong>mulla</strong></span> <span class='ocrx_word' id='word_1_58' title='bbox 712 971 849 1034; x_wconf 83' lang='lat' dir='ltr'><strong>sacerdos</strong></span> 
     </span>
     <span class='ocr_line' id='line_1_11' title="bbox 113 1055 887 1138; baseline -0.006 -17"><span class='ocrx_word' id='word_1_59' title='bbox 113 1060 211 1138; x_wconf 88' lang='lat' dir='ltr'><strong>lignea</strong></span> <span class='ocrx_word' id='word_1_60' title='bbox 234 1055 401 1118; x_wconf 87' lang='lat' dir='ltr'><strong>contulerat</strong></span> <span class='ocrx_word' id='word_1_61' title='bbox 421 1064 554 1119; x_wconf 78' lang='lat' dir='ltr'><strong>velerum</strong></span> <span class='ocrx_word' id='word_1_62' title='bbox 575 1059 730 1121; x_wconf 89' lang='lat' dir='ltr'><strong>simulacra</strong></span> <span class='ocrx_word' id='word_1_63' title='bbox 757 1057 887 1119; x_wconf 89' lang='lat' dir='ltr'><strong>deorum.</strong></span> 
     </span>
     <span class='ocr_line' id='line_1_12' title="bbox 115 1140 869 1223; baseline -0.004 -18"><span class='ocrx_word' id='word_1_64' title='bbox 115 1144 195 1205; x_wconf 93' lang='lat' dir='ltr'><strong>hunc</strong></span> <span class='ocrx_word' id='word_1_65' title='bbox 216 1140 272 1203; x_wconf 91' lang='lat' dir='ltr'><strong>init</strong></span> <span class='ocrx_word' id='word_1_66' title='bbox 293 1150 323 1203; x_wconf 90' lang='lat' dir='ltr'><strong>ct</strong></span> <span class='ocrx_word' id='word_1_67' title='bbox 344 1141 433 1204; x_wconf 86' lang='lat' dir='ltr'><strong>vetito</strong></span> <span class='ocrx_word' id='word_1_68' title='bbox 457 1149 581 1204; x_wconf 86' lang='lat' dir='ltr'><strong>temerat</strong></span> <span class='ocrx_word' id='word_1_69' title='bbox 602 1143 727 1206; x_wconf 88' lang='lat' dir='ltr'><strong>sacraria</strong></span> <span class='ocrx_word' id='word_1_70' title='bbox 749 1142 869 1223; x_wconf 88' lang='lat' dir='ltr'><strong>probro.</strong></span> 
     </span>
     <span class='ocr_line' id='line_1_13' title="bbox 115 1227 851 1309; baseline 0 -20"><span class='ocrx_word' id='word_1_71' title='bbox 115 1245 196 1290; x_wconf 88' lang='lat' dir='ltr'><strong>saera</strong></span> <span class='ocrx_word' id='word_1_72' title='bbox 217 1233 402 1288; x_wconf 88' lang='lat' dir='ltr'><strong>retorserunt</strong></span> <span class='ocrx_word' id='word_1_73' title='bbox 424 1227 537 1303; x_wconf 89' lang='lat' dir='ltr'><strong>oculos,</strong></span> <span class='ocrx_word' id='word_1_74' title='bbox 564 1228 727 1309; x_wconf 87' lang='lat' dir='ltr'><strong>turritaque</strong></span> <span class='ocrx_word' id='word_1_75' title='bbox 748 1227 851 1302; x_wconf 81' lang='lat' dir='ltr'><strong>Mater,</strong></span> 
     </span>
     <span class='ocr_line' id='line_1_14' title="bbox 114 1310 860 1392; baseline -0.001 -17"><span class='ocrx_word' id='word_1_76' title='bbox 114 1331 151 1375; x_wconf 88' lang='lat' dir='ltr'><strong>an</strong></span> <span class='ocrx_word' id='word_1_77' title='bbox 176 1310 276 1392; x_wconf 88' lang='lat' dir='ltr'><strong>Stygia</strong></span> <span class='ocrx_word' id='word_1_78' title='bbox 297 1320 408 1388; x_wconf 86' lang='lat' dir='ltr'><strong>sontes,</strong></span> <span class='ocrx_word' id='word_1_79' title='bbox 431 1311 582 1388; x_wconf 81' lang='lat' dir='ltr'><strong>dubitavit,</strong></span> <span class='ocrx_word' id='word_1_80' title='bbox 605 1324 751 1392; x_wconf 85' lang='lat' dir='ltr'><strong>mergeret</strong></span> <span class='ocrx_word' id='word_1_81' title='bbox 773 1313 860 1375; x_wconf 88' lang='lat' dir='ltr'><strong>unda.</strong></span> 
     </span>
     <span class='ocr_line' id='line_1_15' title="bbox 115 1395 899 1479; baseline 0.003 -22"><span class='ocrx_word' id='word_1_82' title='bbox 115 1414 210 1479; x_wconf 89' lang='lat' dir='ltr'><strong>poena</strong></span> <span class='ocrx_word' id='word_1_83' title='bbox 233 1395 304 1458; x_wconf 83' lang='lat' dir='ltr'><strong>levis</strong></span> <span class='ocrx_word' id='word_1_84' title='bbox 325 1397 385 1461; x_wconf 85' lang='lat' dir='ltr'><strong>risa</strong></span> <span class='ocrx_word' id='word_1_85' title='bbox 408 1407 463 1460; x_wconf 89' lang='lat' dir='ltr'><strong>est.</strong></span> <span class='ocrx_word' id='word_1_86' title='bbox 506 1416 578 1478; x_wconf 84' lang='lat' dir='ltr'><strong>ergo</strong></span> <span class='ocrx_word' id='word_1_87' title='bbox 600 1399 688 1459; x_wconf 92' lang='lat' dir='ltr'><strong>modo</strong></span> <span class='ocrx_word' id='word_1_88' title='bbox 710 1398 783 1461; x_wconf 86' lang='lat' dir='ltr'><strong>levia</strong></span> <span class='ocrx_word' id='word_1_89' title='bbox 807 1397 899 1460; x_wconf 84' lang='lat' dir='ltr'><strong>iulvae</strong></span> 
     </span>
     <span class='ocr_line' id='line_1_16' title="bbox 115 1480 912 1563; baseline 0.001 -19"><span class='ocrx_word' id='word_1_90' title='bbox 115 1480 190 1544; x_wconf 91' lang='lat' dir='ltr'><strong>colla</strong></span> <span class='ocrx_word' id='word_1_91' title='bbox 212 1480 298 1543; x_wconf 89' lang='lat' dir='ltr'><strong>iubae</strong></span> <span class='ocrx_word' id='word_1_92' title='bbox 320 1481 427 1557; x_wconf 83' lang='lat' dir='ltr'><strong>velant,</strong></span> <span class='ocrx_word' id='word_1_93' title='bbox 450 1481 533 1562; x_wconf 90' lang='lat' dir='ltr'><strong>digiti</strong></span> <span class='ocrx_word' id='word_1_94' title='bbox 554 1494 715 1544; x_wconf 75' lang='lat' dir='ltr'><strong>curuantur</strong></span> <span class='ocrx_word' id='word_1_95' title='bbox 736 1482 766 1543; x_wconf 93' lang='lat' dir='ltr'><strong>ia</strong></span> <span class='ocrx_word' id='word_1_96' title='bbox 789 1501 912 1563; x_wconf 82' lang='lat' dir='ltr'><strong>ungues,</strong></span> 
     </span>
     <span class='ocr_line' id='line_1_17' title="bbox 115 1567 799 1645; baseline -0.004 -16"><span class='ocrx_word' id='word_1_97' title='bbox 115 1585 150 1629; x_wconf 84' lang='lat' dir='ltr'><strong>ex</strong></span> <span class='ocrx_word' id='word_1_98' title='bbox 172 1567 282 1629; x_wconf 90' lang='lat' dir='ltr'><strong>umeris</strong></span> <span class='ocrx_word' id='word_1_99' title='bbox 304 1567 378 1628; x_wconf 89' lang='lat' dir='ltr'><strong>armi</strong></span> <span class='ocrx_word' id='word_1_100' title='bbox 400 1567 486 1639; x_wconf 85' lang='lat' dir='ltr'><strong>liunt,</strong></span> <span class='ocrx_word' id='word_1_101' title='bbox 508 1567 538 1627; x_wconf 92' lang='lat' dir='ltr'><strong>in</strong></span> <span class='ocrx_word' id='word_1_102' title='bbox 562 1574 682 1645; x_wconf 83' lang='lat' dir='ltr'><strong>pectora</strong></span> <span class='ocrx_word' id='word_1_103' title='bbox 704 1576 799 1627; x_wconf 89' lang='lat' dir='ltr'><strong>totum</strong></span> 
     </span>
     <span class='ocr_line' id='line_1_18' title="bbox 114 1649 931 1734; baseline -0.005 -20"><span class='ocrx_word' id='word_1_104' title='bbox 114 1652 232 1734; x_wconf 90' lang='lat' dir='ltr'><strong>pondus</strong></span> <span class='ocrx_word' id='word_1_105' title='bbox 253 1651 324 1726; x_wconf 84' lang='lat' dir='ltr'><strong>abit,</strong></span> <span class='ocrx_word' id='word_1_106' title='bbox 345 1667 479 1712; x_wconf 88' lang='lat' dir='ltr'><strong>summae</strong></span> <span class='ocrx_word' id='word_1_107' title='bbox 501 1649 592 1711; x_wconf 88' lang='lat' dir='ltr'><strong>cauda</strong></span> <span class='ocrx_word' id='word_1_108' title='bbox 616 1658 775 1711; x_wconf 83' lang='lat' dir='ltr'><strong>verruntur</strong></span> <span class='ocrx_word' id='word_1_109' title='bbox 796 1650 931 1711; x_wconf 86' lang='lat' dir='ltr'><strong>harenae.</strong></span> 
     </span>
     <span class='ocr_line' id='line_1_19' title="bbox 114 1733 955 1814; baseline -0.006 -14"><span class='ocrx_word' id='word_1_110' title='bbox 114 1738 187 1800; x_wconf 87' lang='lat' dir='ltr'><strong>iram</strong></span> <span class='ocrx_word' id='word_1_111' title='bbox 209 1735 308 1796; x_wconf 86' lang='lat' dir='ltr'><strong>vultus</strong></span> <span class='ocrx_word' id='word_1_112' title='bbox 329 1733 428 1808; x_wconf 84' lang='lat' dir='ltr'><strong>hahet,</strong></span> <span class='ocrx_word' id='word_1_113' title='bbox 450 1751 505 1814; x_wconf 90' lang='lat' dir='ltr'><strong>pro</strong></span> <span class='ocrx_word' id='word_1_114' title='bbox 529 1733 626 1796; x_wconf 82' lang='lat' dir='ltr'><strong>verbis</strong></span> <span class='ocrx_word' id='word_1_115' title='bbox 648 1751 798 1796; x_wconf 88' lang='lat' dir='ltr'><strong>murmura</strong></span> <span class='ocrx_word' id='word_1_116' title='bbox 820 1733 955 1810; x_wconf 84' lang='lat' dir='ltr'><strong>reddunt,</strong></span> 
     </span>
     <span class='ocr_line' id='line_1_20' title="bbox 114 1818 913 1903; baseline -0.003 -21"><span class='ocrx_word' id='word_1_117' title='bbox 114 1839 168 1903; x_wconf 93' lang='lat' dir='ltr'><strong>pro</strong></span> <span class='ocrx_word' id='word_1_118' title='bbox 190 1818 325 1881; x_wconf 79' lang='lat' dir='ltr'><strong>thalamis</strong></span> <span class='ocrx_word' id='word_1_119' title='bbox 347 1818 499 1881; x_wconf 88' lang='lat' dir='ltr'><strong>celebrant</strong></span> <span class='ocrx_word' id='word_1_120' title='bbox 521 1818 622 1897; x_wconf 85' lang='lat' dir='ltr'><strong>silrns;</strong></span> <span class='ocrx_word' id='word_1_121' title='bbox 646 1819 770 1900; x_wconf 86' lang='lat' dir='ltr'><strong>aliisquo</strong></span> <span class='ocrx_word' id='word_1_122' title='bbox 794 1818 913 1881; x_wconf 90' lang='lat' dir='ltr'><strong>timendi</strong></span> 
     </span>
     <span class='ocr_line' id='line_1_21' title="bbox 114 1903 895 1986; baseline -0.003 -19"><span class='ocrx_word' id='word_1_123' title='bbox 114 1907 202 1967; x_wconf 90' lang='lat' dir='ltr'><strong>deute</strong></span> <span class='ocrx_word' id='word_1_124' title='bbox 224 1911 364 1986; x_wconf 87' lang='lat' dir='ltr'><strong>premunt</strong></span> <span class='ocrx_word' id='word_1_125' title='bbox 386 1906 498 1966; x_wconf 92' lang='lat' dir='ltr'><strong>domito</strong></span> <span class='ocrx_word' id='word_1_126' title='bbox 521 1903 658 1984; x_wconf 76' lang='lat' dir='ltr'><strong>Cybeleia</strong></span> <span class='ocrx_word' id='word_1_127' title='bbox 681 1903 764 1966; x_wconf 85' lang='lat' dir='ltr'><strong>irena</strong></span> <span class='ocrx_word' id='word_1_128' title='bbox 786 1904 895 1965; x_wconf 89' lang='lat' dir='ltr'><strong>leones.</strong></span> 
     </span>
     <span class='ocr_line' id='line_1_22' title="bbox 113 1989 1156 2068; baseline -0.001 -17"><span class='ocrx_word' id='word_1_129' title='bbox 113 1990 169 2051; x_wconf 90' lang='lat' dir='ltr'><strong>hos</strong></span> <span class='ocrx_word' id='word_1_130' title='bbox 191 1998 233 2064; x_wconf 87' lang='lat' dir='ltr'><strong>tu,</strong></span> <span class='ocrx_word' id='word_1_131' title='bbox 255 2007 323 2051; x_wconf 85' lang='lat' dir='ltr'><strong>care</strong></span> <span class='ocrx_word' id='word_1_132' title='bbox 345 1989 428 2063; x_wconf 88' lang='lat' dir='ltr'><strong>mihi,</strong></span> <span class='ocrx_word' id='word_1_133' title='bbox 450 2005 579 2068; x_wconf 89' lang='lat' dir='ltr'><strong>cumque</strong></span> <span class='ocrx_word' id='word_1_134' title='bbox 599 1989 646 2051; x_wconf 93' lang='lat' dir='ltr'><strong>his</strong></span> <span class='ocrx_word' id='word_1_135' title='bbox 668 2005 763 2065; x_wconf 90' lang='lat' dir='ltr'><strong>genus</strong></span> <span class='ocrx_word' id='word_1_136' title='bbox 786 2007 873 2049; x_wconf 91' lang='lat' dir='ltr'><strong>omae</strong></span> <span class='ocrx_word' id='word_1_137' title='bbox 895 1989 1031 2063; x_wconf 77' lang='lat' dir='ltr'><strong>ferarum,</strong></span> <span class='ocrx_word' id='word_1_138' title='bbox 1142 2001 1156 2018; x_wconf 84' lang='grc'><strong>”</strong></span> 
     </span>
     <span class='ocr_line' id='line_1_23' title="bbox 114 2073 1006 2155; baseline -0.001 -19"><span class='ocrx_word' id='word_1_139' title='bbox 114 2073 193 2155; x_wconf 85' lang='lat' dir='ltr'><strong>quod</strong></span> <span class='ocrx_word' id='word_1_140' title='bbox 217 2092 277 2135; x_wconf 91' lang='lat' dir='ltr'><strong>nou</strong></span> <span class='ocrx_word' id='word_1_141' title='bbox 299 2084 381 2154; x_wconf 83' lang='lat' dir='ltr'><strong>terga</strong></span> <span class='ocrx_word' id='word_1_142' title='bbox 404 2073 500 2153; x_wconf 77' lang='lat' dir='ltr'><strong>fugae,</strong></span> <span class='ocrx_word' id='word_1_143' title='bbox 523 2073 574 2134; x_wconf 89' lang='lat' dir='ltr'><strong>sed</strong></span> <span class='ocrx_word' id='word_1_144' title='bbox 597 2091 714 2153; x_wconf 85' lang='lat' dir='ltr'><strong>pugnae</strong></span> <span class='ocrx_word' id='word_1_145' title='bbox 737 2082 856 2153; x_wconf 85' lang='lat' dir='ltr'><strong>pectora</strong></span> <span class='ocrx_word' id='word_1_146' title='bbox 877 2073 1006 2153; x_wconf 86' lang='lat' dir='ltr'><strong>praebet,</strong></span> 
     </span>
     <span class='ocr_line' id='line_1_24' title="bbox 113 2157 859 2239; baseline -0.004 -18"><span class='ocrx_word' id='word_1_147' title='bbox 113 2160 220 2239; x_wconf 80' lang='lat' dir='ltr'><strong>effuge,</strong></span> <span class='ocrx_word' id='word_1_148' title='bbox 243 2177 281 2220; x_wconf 85' lang='lat' dir='ltr'><strong>ne</strong></span> <span class='ocrx_word' id='word_1_149' title='bbox 303 2158 396 2220; x_wconf 83' lang='lat' dir='ltr'><strong>virtus</strong></span> <span class='ocrx_word' id='word_1_150' title='bbox 418 2166 467 2219; x_wconf 89' lang='lat' dir='ltr'><strong>tua</strong></span> <span class='ocrx_word' id='word_1_151' title='bbox 490 2157 529 2219; x_wconf 92' lang='lat' dir='ltr'><strong>sit</strong></span> <span class='ocrx_word' id='word_1_152' title='bbox 551 2157 693 2219; x_wconf 87' lang='lat' dir='ltr'><strong>damnosa</strong></span> <span class='ocrx_word' id='word_1_153' title='bbox 714 2157 859 2219; x_wconf 85' lang='lat' dir='ltr'><strong>duobus.“</strong></span> 
     </span>
    </p>

    <p class='ocr_par' dir='ltr' id='par_1_5' title="bbox 31 2242 1014 3255">
     <span class='ocr_line' id='line_1_25' title="bbox 198 2242 1014 2323; baseline 0.001 -19"><span class='ocrx_word' id='word_1_154' title='bbox 198 2242 251 2305; x_wconf 89' lang='lat' dir='ltr'><strong>llla</strong></span> <span class='ocrx_word' id='word_1_155' title='bbox 273 2242 392 2323; x_wconf 89' lang='lat' dir='ltr'><strong>quidem</strong></span> <span class='ocrx_word' id='word_1_156' title='bbox 414 2242 531 2304; x_wconf 88' lang='lat' dir='ltr'><strong>monuit</strong></span> <span class='ocrx_word' id='word_1_157' title='bbox 552 2243 722 2323; x_wconf 90' lang='lat' dir='ltr'><strong>iunctisque</strong></span> <span class='ocrx_word' id='word_1_158' title='bbox 744 2261 799 2323; x_wconf 92' lang='lat' dir='ltr'><strong>per</strong></span> <span class='ocrx_word' id='word_1_159' title='bbox 820 2251 885 2303; x_wconf 82' lang='lat' dir='ltr'><strong>aera</strong></span> <span class='ocrx_word' id='word_1_160' title='bbox 912 2245 1014 2322; x_wconf 79' lang='lat' dir='ltr'><strong>cygnis</strong></span> 
     </span>
     <span class='ocr_line' id='line_1_26' title="bbox 112 2326 887 2410; baseline -0.005 -19"><span class='ocrx_word' id='word_1_161' title='bbox 112 2327 208 2410; x_wconf 82' lang='lat' dir='ltr'><strong>carpit</strong></span> <span class='ocrx_word' id='word_1_162' title='bbox 229 2327 300 2389; x_wconf 89' lang='lat' dir='ltr'><strong>iter:</strong></span> <span class='ocrx_word' id='word_1_163' title='bbox 324 2326 375 2389; x_wconf 90' lang='lat' dir='ltr'><strong>sed</strong></span> <span class='ocrx_word' id='word_1_164' title='bbox 397 2335 454 2388; x_wconf 89' lang='lat' dir='ltr'><strong>stat</strong></span> <span class='ocrx_word' id='word_1_165' title='bbox 475 2326 597 2389; x_wconf 85' lang='lat' dir='ltr'><strong>monitis</strong></span> <span class='ocrx_word' id='word_1_166' title='bbox 619 2327 764 2389; x_wconf 85' lang='lat' dir='ltr'><strong>contraria</strong></span> <span class='ocrx_word' id='word_1_167' title='bbox 786 2327 887 2388; x_wconf 88' lang='lat' dir='ltr'><strong>virtus.</strong></span> 
     </span>
     <span class='ocr_line' id='line_1_27' title="bbox 113 2411 798 2491; baseline -0.006 -16"><span class='ocrx_word' id='word_1_168' title='bbox 113 2415 190 2476; x_wconf 88' lang='lat' dir='ltr'><strong>iorte</strong></span> <span class='ocrx_word' id='word_1_169' title='bbox 211 2429 295 2475; x_wconf 86' lang='lat' dir='ltr'><strong>suem</strong></span> <span class='ocrx_word' id='word_1_170' title='bbox 318 2411 438 2473; x_wconf 89' lang='lat' dir='ltr'><strong>latebris</strong></span> <span class='ocrx_word' id='word_1_171' title='bbox 459 2412 581 2491; x_wconf 86' lang='lat' dir='ltr'><strong>vestigia</strong></span> <span class='ocrx_word' id='word_1_172' title='bbox 604 2421 684 2474; x_wconf 88' lang='lat' dir='ltr'><strong>certa</strong></span> <span class='ocrx_word' id='word_1_173' title='bbox 705 2411 798 2473; x_wconf 89' lang='lat' dir='ltr'><strong>secuti</strong></span> 
     </span>
     <span class='ocr_line' id='line_1_28' title="bbox 113 2496 806 2578; baseline -0.004 -17"><span class='ocrx_word' id='word_1_174' title='bbox 113 2497 245 2561; x_wconf 82' lang='lat' dir='ltr'><strong>excivere</strong></span> <span class='ocrx_word' id='word_1_175' title='bbox 268 2515 366 2571; x_wconf 87' lang='lat' dir='ltr'><strong>canes,</strong></span> <span class='ocrx_word' id='word_1_176' title='bbox 389 2496 529 2577; x_wconf 85' lang='lat' dir='ltr'><strong>silvisque</strong></span> <span class='ocrx_word' id='word_1_177' title='bbox 551 2497 631 2559; x_wconf 83' lang='lat' dir='ltr'><strong>exire</strong></span> <span class='ocrx_word' id='word_1_178' title='bbox 652 2506 806 2578; x_wconf 85' lang='lat' dir='ltr'><strong>parantem</strong></span> 
     </span>
     <span class='ocr_line' id='line_1_29' title="bbox 31 2580 766 2663; baseline -0.004 -18"><span class='ocrx_word' id='word_1_179' title='bbox 31 2597 33 2602; x_wconf 81' lang='grc'>’</span> <span class='ocrx_word' id='word_1_180' title='bbox 114 2583 215 2644; x_wconf 76' lang='lat' dir='ltr'><strong>fluerat</strong></span> <span class='ocrx_word' id='word_1_181' title='bbox 236 2580 359 2662; x_wconf 88' lang='lat' dir='ltr'><strong>obliquo</strong></span> <span class='ocrx_word' id='word_1_182' title='bbox 381 2581 497 2643; x_wconf 84' lang='lat' dir='ltr'><strong>iuvenis</strong></span> <span class='ocrx_word' id='word_1_183' title='bbox 519 2580 675 2663; x_wconf 76' lang='lat' dir='ltr'><strong>Cinyreius</strong></span> <span class='ocrx_word' id='word_1_184' title='bbox 697 2582 766 2643; x_wconf 91' lang='lat' dir='ltr'><strong>ictu.</strong></span> 
     </span>
     <span class='ocr_line' id='line_1_30' title="bbox 114 2665 806 2750; baseline -0.004 -21"><span class='ocrx_word' id='word_1_185' title='bbox 114 2668 251 2750; x_wconf 88' lang='lat' dir='ltr'><strong>protinus</strong></span> <span class='ocrx_word' id='word_1_186' title='bbox 273 2665 403 2728; x_wconf 80' lang='lat' dir='ltr'><strong>excussit</strong></span> <span class='ocrx_word' id='word_1_187' title='bbox 424 2667 523 2748; x_wconf 92' lang='lat' dir='ltr'><strong>pando</strong></span> <span class='ocrx_word' id='word_1_188' title='bbox 545 2667 688 2728; x_wconf 83' lang='lat' dir='ltr'><strong>venabula</strong></span> <span class='ocrx_word' id='word_1_189' title='bbox 710 2677 806 2727; x_wconf 88' lang='lat' dir='ltr'><strong>rostro</strong></span> 
     </span>
     <span class='ocr_line' id='line_1_31' title="bbox 112 2750 985 2833; baseline -0.005 -18"><span class='ocrx_word' id='word_1_190' title='bbox 112 2752 257 2831; x_wconf 87' lang='lat' dir='ltr'><strong>sanguiue</strong></span> <span class='ocrx_word' id='word_1_191' title='bbox 279 2752 370 2813; x_wconf 85' lang='lat' dir='ltr'><strong>tincta</strong></span> <span class='ocrx_word' id='word_1_192' title='bbox 393 2768 448 2812; x_wconf 91' lang='lat' dir='ltr'><strong>suo</strong></span> <span class='ocrx_word' id='word_1_193' title='bbox 470 2750 678 2833; x_wconf 90' lang='lat' dir='ltr'><strong>trepidumque</strong></span> <span class='ocrx_word' id='word_1_194' title='bbox 701 2759 731 2812; x_wconf 89' lang='lat' dir='ltr'><strong>et</strong></span> <span class='ocrx_word' id='word_1_195' title='bbox 753 2759 815 2812; x_wconf 89' lang='lat' dir='ltr'><strong>tuta</strong></span> <span class='ocrx_word' id='word_1_196' title='bbox 837 2759 985 2831; x_wconf 87' lang='lat' dir='ltr'><strong>petentem</strong></span> 
     </span>
     <span class='ocr_line' id='line_1_32' title="bbox 114 2835 971 2918; baseline -0.004 -19"><span class='ocrx_word' id='word_1_197' title='bbox 114 2848 181 2899; x_wconf 81' lang='lat' dir='ltr'><strong>trux</strong></span> <span class='ocrx_word' id='word_1_198' title='bbox 203 2854 275 2918; x_wconf 87' lang='lat' dir='ltr'><strong>aper</strong></span> <span class='ocrx_word' id='word_1_199' title='bbox 297 2836 464 2916; x_wconf 85' lang='lat' dir='ltr'><strong>insequitur</strong></span> <span class='ocrx_word' id='word_1_200' title='bbox 485 2845 625 2917; x_wconf 88' lang='lat' dir='ltr'><strong>totosque</strong></span> <span class='ocrx_word' id='word_1_201' title='bbox 648 2836 703 2898; x_wconf 87' lang='lat' dir='ltr'><strong>suh</strong></span> <span class='ocrx_word' id='word_1_202' title='bbox 726 2835 849 2914; x_wconf 87' lang='lat' dir='ltr'><strong>inguine</strong></span> <span class='ocrx_word' id='word_1_203' title='bbox 869 2836 971 2898; x_wconf 89' lang='lat' dir='ltr'><strong>dentes</strong></span> 
     </span>
     <span class='ocr_line' id='line_1_33' title="bbox 113 2919 869 2984; baseline -0.004 -1"><span class='ocrx_word' id='word_1_204' title='bbox 113 2920 223 2983; x_wconf 87' lang='lat' dir='ltr'><strong>abdidit</strong></span> <span class='ocrx_word' id='word_1_205' title='bbox 244 2930 275 2983; x_wconf 88' lang='lat' dir='ltr'><strong>et</strong></span> <span class='ocrx_word' id='word_1_206' title='bbox 296 2920 374 2982; x_wconf 79' lang='lat' dir='ltr'><strong>fulva</strong></span> <span class='ocrx_word' id='word_1_207' title='bbox 396 2919 606 2982; x_wconf 89' lang='lat' dir='ltr'><strong>moribundum</strong></span> <span class='ocrx_word' id='word_1_208' title='bbox 629 2920 731 2984; x_wconf 89' lang='lat' dir='ltr'><strong>strarit</strong></span> <span class='ocrx_word' id='word_1_209' title='bbox 752 2920 869 2981; x_wconf 84' lang='lat' dir='ltr'><strong>harena.</strong></span> 
     </span>
     <span class='ocr_line' id='line_1_34' title="bbox 112 3004 861 3087; baseline -0.001 -21"><span class='ocrx_word' id='word_1_210' title='bbox 112 3015 193 3068; x_wconf 83' lang='lat' dir='ltr'><strong>vecta</strong></span> <span class='ocrx_word' id='word_1_211' title='bbox 215 3004 270 3066; x_wconf 83' lang='lat' dir='ltr'><strong>levi</strong></span> <span class='ocrx_word' id='word_1_212' title='bbox 293 3023 382 3067; x_wconf 78' lang='lat' dir='ltr'><strong>eumu</strong></span> <span class='ocrx_word' id='word_1_213' title='bbox 404 3006 515 3067; x_wconf 87' lang='lat' dir='ltr'><strong>medias</strong></span> <span class='ocrx_word' id='word_1_214' title='bbox 536 3005 678 3086; x_wconf 88' lang='lat' dir='ltr'><strong>Cytherea</strong></span> <span class='ocrx_word' id='word_1_215' title='bbox 700 3023 754 3087; x_wconf 87' lang='lat' dir='ltr'><strong>per</strong></span> <span class='ocrx_word' id='word_1_216' title='bbox 775 3022 861 3066; x_wconf 88' lang='lat' dir='ltr'><strong>auras</strong></span> 
     </span>
     <span class='ocr_line' id='line_1_35' title="bbox 113 3089 819 3171; baseline -0.004 -18"><span class='ocrx_word' id='word_1_217' title='bbox 113 3089 232 3171; x_wconf 85' lang='lat' dir='ltr'><strong>Cypron</strong></span> <span class='ocrx_word' id='word_1_218' title='bbox 255 3089 380 3151; x_wconf 91' lang='lat' dir='ltr'><strong>olorinis</strong></span> <span class='ocrx_word' id='word_1_219' title='bbox 402 3091 536 3152; x_wconf 88' lang='lat' dir='ltr'><strong>nondum</strong></span> <span class='ocrx_word' id='word_1_220' title='bbox 559 3099 733 3170; x_wconf 84' lang='lat' dir='ltr'><strong>pervenerat</strong></span> <span class='ocrx_word' id='word_1_221' title='bbox 754 3089 819 3163; x_wconf 87' lang='lat' dir='ltr'><strong>alis,</strong></span> 
     </span>
     <span class='ocr_line' id='line_1_36' title="bbox 114 3173 837 3255; baseline -0.001 -18"><span class='ocrx_word' id='word_1_222' title='bbox 114 3175 232 3255; x_wconf 85' lang='lat' dir='ltr'><strong>agnovit</strong></span> <span class='ocrx_word' id='word_1_223' title='bbox 254 3173 343 3254; x_wconf 88' lang='lat' dir='ltr'><strong>longe</strong></span> <span class='ocrx_word' id='word_1_224' title='bbox 365 3175 509 3254; x_wconf 81' lang='lat' dir='ltr'><strong>gemitum</strong></span> <span class='ocrx_word' id='word_1_225' title='bbox 532 3175 686 3237; x_wconf 89' lang='lat' dir='ltr'><strong>morientis</strong></span> <span class='ocrx_word' id='word_1_226' title='bbox 707 3184 736 3236; x_wconf 91' lang='lat' dir='ltr'><strong>et</strong></span> <span class='ocrx_word' id='word_1_227' title='bbox 758 3174 837 3236; x_wconf 88' lang='lat' dir='ltr'><strong>albas</strong></span> 
     </span>
    </p>
   </div>
   <div class='ocr_carea' id='block_1_5' title="bbox 180 3338 1185 3512">
    <p class='ocr_par' dir='ltr' id='par_1_6' title="bbox 180 3338 1185 3512">
     <span class='ocr_line' id='line_1_37' title="bbox 180 3338 1185 3512; baseline -0.003 -82"><span class='ocrx_word' id='word_1_228' title='bbox 180 3378 228 3430; x_wconf 86' lang='grc'><strong>667</strong></span> <span class='ocrx_word' id='word_1_229' title='bbox 247 3374 334 3512; x_wconf 45' lang='lat' dir='ltr'><strong>aidila</strong></span> <span class='ocrx_word' id='word_1_230' title='bbox 353 3373 379 3427; x_wconf 91' lang='grc' dir='ltr'><strong>Μ</strong></span> <span class='ocrx_word' id='word_1_231' title='bbox 432 3378 482 3430; x_wconf 87' lang='grc'><strong>668</strong></span> <span class='ocrx_word' id='word_1_232' title='bbox 501 3338 606 3444; x_wconf 80' lang='lat' dir='ltr'><strong>lougllm</strong></span> <span class='ocrx_word' id='word_1_233' title='bbox 625 3375 650 3427; x_wconf 88' lang='lat' dir='ltr'><strong>hl</strong></span> <span class='ocrx_word' id='word_1_234' title='bbox 712 3373 907 3440; x_wconf 71' lang='grc'>6966166617</span> <span class='ocrx_word' id='word_1_235' title='bbox 967 3381 1013 3431; x_wconf 82' lang='lat'><strong>691</strong></span> <span class='ocrx_word' id='word_1_236' title='bbox 1034 3376 1142 3428; x_wconf 89' lang='lat' dir='ltr'><strong>huminis</strong></span> <span class='ocrx_word' id='word_1_237' title='bbox 1160 3373 1185 3427; x_wconf 88' lang='grc' dir='ltr'><strong>Μ</strong></span> 
     </span>
     <span class='ocr_line' id='line_1_38' title="bbox 293 3460 320 3512; baseline -0.037 0"><span class='ocrx_word' id='word_1_238' title='bbox 293 3460 320 3512; x_wconf 92' lang='lat' dir='ltr'><strong>lu</strong></span> 
     </span>
    </p>
   </div>
   <div class='ocr_carea' id='block_1_6' title="bbox 5 3525 1186 3596">
    <p class='ocr_par' dir='ltr' id='par_1_7' title="bbox 5 3525 1186 3596">
     <span class='ocr_line' id='line_1_39' title="bbox 5 3525 1186 3596; baseline -0.001 -15"><span class='ocrx_word' id='word_1_239' title='bbox 5 3541 11 3548; x_wconf 70' lang='grc'><em>“</em></span> <span class='ocrx_word' id='word_1_240' title='bbox 113 3525 241 3582; x_wconf 79' lang='lat' dir='ltr'><strong>liminisi</strong></span> <span class='ocrx_word' id='word_1_241' title='bbox 292 3527 418 3580; x_wconf 83' lang='lat' dir='ltr'><strong>liminisa</strong></span> <span class='ocrx_word' id='word_1_242' title='bbox 481 3531 531 3582; x_wconf 81' lang='grc'><strong>696</strong></span> <span class='ocrx_word' id='word_1_243' title='bbox 550 3543 622 3581; x_wconf 85' lang='lat' dir='ltr'><strong>sacer</strong></span> <span class='ocrx_word' id='word_1_244' title='bbox 639 3528 677 3593; x_wconf 87' lang='lat' dir='ltr'><strong>(er</strong></span> <span class='ocrx_word' id='word_1_245' title='bbox 695 3544 730 3580; x_wconf 71' lang='lat' dir='ltr'><strong>ex</strong></span> <span class='ocrx_word' id='word_1_246' title='bbox 747 3525 821 3590; x_wconf 76' lang='lat' dir='ltr'><strong>ruli</strong></span> <span class='ocrx_word' id='word_1_247' title='bbox 883 3531 931 3582; x_wconf 92' lang='grc'>697</span> <span class='ocrx_word' id='word_1_248' title='bbox 951 3529 982 3581; x_wconf 90' lang='lat' dir='ltr'><strong>ad</strong></span> <span class='ocrx_word' id='word_1_249' title='bbox 1000 3529 1089 3596; x_wconf 85' lang='lat' dir='ltr'><strong>stigias</strong></span> <span class='ocrx_word' id='word_1_250' title='bbox 1106 3527 1186 3580; x_wconf 86' lang='lat' dir='ltr'><strong>undas</strong></span> 
     </span>
    </p>
   </div>
   <div class='ocr_carea' id='block_1_7' title="bbox 112 3593 1186 3685">
    <p class='ocr_par' dir='ltr' id='par_1_8' title="bbox 112 3593 1186 3685">
     <span class='ocr_line' id='line_1_40' title="bbox 112 3593 1186 3685; baseline 0.001 -36"><span class='ocrx_word' id='word_1_251' title='bbox 112 3610 270 3664; x_wconf 82' lang='lat' dir='ltr'><strong>-naergero</strong></span> <span class='ocrx_word' id='word_1_252' title='bbox 288 3601 377 3650; x_wconf 84' lang='lat' dir='ltr'><strong>sontes</strong></span> <span class='ocrx_word' id='word_1_253' title='bbox 394 3594 420 3648; x_wconf 92' lang='grc' dir='ltr'><strong>Μ</strong></span> <span class='ocrx_word' id='word_1_254' title='bbox 472 3599 523 3650; x_wconf 88' lang='grc'><strong>766</strong></span> <span class='ocrx_word' id='word_1_255' title='bbox 541 3595 804 3665; x_wconf 75' lang='lat' dir='ltr'><strong>flant-pectorali</strong></span> <span class='ocrx_word' id='word_1_256' title='bbox 856 3598 903 3650; x_wconf 85' lang='grc'>761</span> <span class='ocrx_word' id='word_1_257' title='bbox 924 3601 1054 3650; x_wconf 76' lang='lat' dir='ltr'><strong>vertuntur</strong></span> <span class='ocrx_word' id='word_1_258' title='bbox 1070 3593 1093 3685; x_wconf 45' lang='lat' dir='ltr'><strong>i·</strong></span> <span class='ocrx_word' id='word_1_259' title='bbox 1137 3599 1186 3650; x_wconf 82' lang='grc'>769</span> 
     </span>
    </p>
   </div>
   <div class='ocr_carea' id='block_1_8' title="bbox 112 3692 1186 3851">
    <p class='ocr_par' dir='ltr' id='par_1_9' title="bbox 112 3692 1186 3851">
     <span class='ocr_line' id='line_1_41' title="bbox 112 3692 1186 3851; baseline 0 -69"><span class='ocrx_word' id='word_1_260' title='bbox 112 3727 279 3784; x_wconf 78' lang='lat' dir='ltr'><strong>vertunturl</strong></span> <span class='ocrx_word' id='word_1_261' title='bbox 330 3733 382 3784; x_wconf 75' lang='lat' dir='ltr'><strong>tot</strong></span> <span class='ocrx_word' id='word_1_262' title='bbox 398 3729 560 3797; x_wconf 79' lang='lat' dir='ltr'><strong>rihelegial</strong></span> <span class='ocrx_word' id='word_1_263' title='bbox 612 3733 662 3785; x_wconf 87' lang='grc'><strong>766</strong></span> <span class='ocrx_word' id='word_1_264' title='bbox 680 3730 933 3851; x_wconf 54' lang='grc' dir='ltr'><strong>Ἆυς-ἕηεῢειιιε</strong></span> <span class='ocrx_word' id='word_1_265' title='bbox 998 3735 1047 3786; x_wconf 83' lang='grc'><strong>766</strong></span> <span class='ocrx_word' id='word_1_266' title='bbox 1064 3692 1143 3798; x_wconf 67' lang='lat' dir='ltr'><strong>lignis</strong></span> <span class='ocrx_word' id='word_1_267' title='bbox 1161 3730 1186 3783; x_wconf 84' lang='lat' dir='ltr'><strong>hl</strong></span> 
     </span>
    </p>
   </div>
   <div class='ocr_carea' id='block_1_9' title="bbox 113 3796 763 3853">
    <p class='ocr_par' dir='ltr' id='par_1_10' title="bbox 113 3796 763 3853">
     <span class='ocr_line' id='line_1_42' title="bbox 113 3796 763 3853; baseline -0.005 -1"><span class='ocrx_word' id='word_1_268' title='bbox 113 3802 163 3853; x_wconf 89' lang='grc'>769</span> <span class='ocrx_word' id='word_1_269' title='bbox 180 3797 226 3852; x_wconf 82' lang='lat' dir='ltr'><strong>sed</strong></span> <span class='ocrx_word' id='word_1_270' title='bbox 244 3814 295 3850; x_wconf 84' lang='lat' dir='ltr'><strong>om.</strong></span> <span class='ocrx_word' id='word_1_271' title='bbox 308 3796 334 3850; x_wconf 91' lang='grc' dir='ltr'><strong>Μ</strong></span> <span class='ocrx_word' id='word_1_272' title='bbox 386 3802 436 3852; x_wconf 86' lang='grc'>716</span> <span class='ocrx_word' id='word_1_273' title='bbox 454 3800 508 3853; x_wconf 89' lang='lat' dir='ltr'><strong>suis</strong></span> <span class='ocrx_word' id='word_1_274' title='bbox 526 3801 545 3852; x_wconf 90' lang='lat' dir='ltr'><strong>C</strong></span> <span class='ocrx_word' id='word_1_275' title='bbox 598 3803 648 3853; x_wconf 84' lang='grc'>776</span> <span class='ocrx_word' id='word_1_276' title='bbox 666 3813 680 3850; x_wconf 77' lang='lat' dir='ltr'><strong>a</strong></span> <span class='ocrx_word' id='word_1_277' title='bbox 699 3798 763 3851; x_wconf 83' lang='lat' dir='ltr'><strong>didit</strong></span> 
     </span>
    </p>
   </div>
   <div class='ocr_carea' id='block_1_10' title="bbox 113 3799 1187 3936">
    <p class='ocr_par' dir='ltr' id='par_1_11' title="bbox 113 3799 1187 3936">
     <span class='ocr_line' id='line_1_43' title="bbox 845 3799 1187 3868; baseline -0.003 -17"><span class='ocrx_word' id='word_1_278' title='bbox 845 3802 894 3854; x_wconf 80' lang='grc'><strong>779</strong></span> <span class='ocrx_word' id='word_1_279' title='bbox 913 3799 991 3868; x_wconf 77' lang='lat' dir='ltr'><strong>cypro</strong></span> <span class='ocrx_word' id='word_1_280' title='bbox 1010 3799 1187 3865; x_wconf 61' lang='lat' dir='ltr'><strong>llih&#39;lljoiorinis</strong></span> 
     </span>
     <span class='ocr_line' id='line_1_44' title="bbox 113 3865 784 3936; baseline 0.003 -18"><span class='ocrx_word' id='word_1_281' title='bbox 113 3865 139 3918; x_wconf 88' lang='grc' dir='ltr'><strong>Μ</strong></span> <span class='ocrx_word' id='word_1_282' title='bbox 191 3866 305 3936; x_wconf 88' lang='lat' dir='ltr'><strong>Chytron</strong></span> <span class='ocrx_word' id='word_1_283' title='bbox 323 3869 393 3922; x_wconf 83' lang='lat' dir='ltr'><strong>coni.</strong></span> <span class='ocrx_word' id='word_1_284' title='bbox 412 3865 512 3934; x_wconf 79' lang='lat' dir='ltr'><strong>Bergk,</strong></span> <span class='ocrx_word' id='word_1_285' title='bbox 530 3867 626 3920; x_wconf 74' lang='lat' dir='ltr'><strong>Pds&#39;lol,</strong></span> <span class='ocrx_word' id='word_1_286' title='bbox 643 3865 717 3919; x_wconf 75' lang='lat' dir='ltr'><strong>m</strong></span> <span class='ocrx_word' id='word_1_287' title='bbox 730 3867 784 3922; x_wconf 76' lang='lat'><strong>682</strong></span> 
     </span>
    </p>
   </div>
   <div class='ocr_carea' id='block_1_11' title="bbox 0 0 1350 4230">
    <p class='ocr_par' dir='ltr' id='par_1_12' title="bbox 0 0 1350 4230">
     <span class='ocr_line' id='line_1_45' title="bbox 0 0 1350 4230; baseline 0 0"><span class='ocrx_word' id='word_1_288' title='bbox 0 0 1350 4230; x_wconf 95' lang='lat' dir='ltr'><strong> </strong></span> 
     </span>
    </p>
   </div>
  </div>
 </body>
</html>
