2692 4230
100 146 161 210 ros
426 204 429 209 Α
518 190 521 195 .
565 150 718 208 uersus.
777 127 801 205 ἱ
1068 169 1160 209 mm

98 323 149 385 sed
170 324 297 406 patrium
318 324 373 388 ribi
394 323 481 386 erede
501 314 616 401 eaput’r
637 319 835 405 eodemuqoe
858 324 956 387 dextra

97 425 219 471 munera
241 409 383 492 porrexit
425 405 522 468 lliuos
542 409 678 483 porreota
699 405 807 486 ningit
1130 414 1160 466 ut

97 493 291 575 turbatusque
311 491 380 556 nori
400 486 555 569 respondit
575 486 703 566 imagine
724 488 807 552 lasti:

96 571 138 639 ‘di
160 587 189 640 te
210 580 422 646 summoveant,
444 590 463 633 o
485 571 581 633 nostri
602 570 721 633 infamia
742 574 840 650 saeoli,

98 662 169 724 orbe
190 681 256 737 suo,
279 659 424 736 tellusque
444 654 499 717 tibi
520 665 690 738 pontusque
711 666 844 735 negetur.

97 756 176 808 certe
198 763 252 825 ego
274 761 335 806 non
358 739 453 821 patiar
473 739 550 803 loris
570 739 758 815 ineunabuls,
780 740 895 818 Creten,

138 831 148 891 i
169 847 252 891 meus
273 835 319 889 est
339 823 429 898 orbis,
451 832 564 887 tantum
586 824 758 904 oontingere
783 821 965 891 monstrum?

116 913 181 975 ixit:
204 920 233 974 et
253 920 288 972 nt
308 909 390 988 leges
411 909 507 990 eaptis
529 911 705 974 iustissimus
725 917 827 973 auctor

95 996 229 1059 hostibus
250 993 392 1075 inposuit,
412 992 514 1058 elassis
534 994 695 1058 muronula
716 992 789 1056 solvi

96 1081 180 1143 iussit
200 1087 229 1140 et
249 1088 363 1140 aereus
383 1077 500 1160 impleri
520 1080 633 1161 remige
654 1096 781 1162 puppes.

96 1162 190 1241 Soglle
212 1163 287 1224 freto
310 1171 467 1244 postquam
488 1165 628 1229 deonotus
648 1182 719 1228 nere
743 1162 857 1226 carinas

96 1264 151 1308 neo
172 1256 320 1326 praestare
341 1248 446 1310 duoem
469 1249 589 1312 sceleris
609 1249 665 1313 sihi
685 1248 814 1331 praemia
835 1245 915 1320 vidit,

94 1331 278 1412 eonsumptis
300 1331 437 1415 preoibus
457 1333 614 1397 violentam
635 1333 741 1397 transit
760 1333 792 1395 in
818 1332 901 1406 iram,

94 1415 309 1497 intendensque
331 1433 445 1490 manus,
464 1418 562 1523 passis
582 1418 740 1480 furibunda
762 1416 885 1499 capillis,

91 1491 163 1579 ‘quo
185 1496 281 1581 iugis,'
306 1501 448 1564 exclamat
478 1502 651 1564 meritorum
671 1511 792 1564 enotore
811 1500 923 1574 relicta,

94 1600 112 1644 o
133 1585 244 1666 patriae
265 1585 394 1667 praelate
415 1601 507 1659 mese,
529 1585 657 1665 praelate
678 1582 814 1667 parenti?

94 1687 152 1749 quo
174 1669 261 1749 fugis,
283 1665 417 1731 inmitis?
438 1667 524 1730 ouius
543 1667 665 1731 victoria
686 1678 822 1730 nostrum

93 1761 124 1815 et
143 1752 238 1814 soelus
260 1762 290 1814 et
310 1752 448 1815 meritum
469 1760 524 1814 est
567 1771 624 1815 nee
645 1764 674 1815 te
694 1753 760 1816 data
781 1768 913 1824 munere,
936 1768 991 1812 nee
1011 1760 1040 1812 te

93 1845 192 1899 noster
213 1854 296 1899 amor
316 1837 416 1913 morit,
438 1854 496 1900 nee
516 1837 595 1919 quod
617 1856 686 1920 spes
707 1837 804 1900 omnis
825 1837 856 1897 in
877 1851 971 1897 unum

93 1930 121 1982 te
141 1939 206 1983 mea
228 1933 366 1999 congesta
389 1919 456 1983 esti
477 1940 546 1984 nam
567 1939 627 2002 quo
649 1921 763 1984 deserte
784 1917 935 1984 reverteri

91 2003 122 2065 in
143 2002 292 2085 patriam?
327 2014 464 2086 superate
485 2007 569 2067 iacet.
612 2005 663 2068 sed
688 2007 768 2085 finge
788 2023 924 2067 maneres

91 2089 258 2169 proditione
278 2107 343 2152 mea
366 2089 463 2152 elausa
486 2100 531 2152 est
552 2089 634 2152 mibi.
678 2091 769 2171 petris
789 2090 825 2151 ad
852 2107 913 2167 ora,

92 2191 178 2254 quem
201 2173 253 2235 tibi
276 2171 404 2235 donavi?
424 2207 467 2220 -
488 2174 566 2236 eires
588 2176 678 2236 odere
699 2183 870 2249 merentem,

91 2257 206 2320 finitimi
229 2258 394 2339 exemplum
415 2267 561 2321 metuunt
604 2277 773 2340 exposuere,
795 2259 826 2321 in
849 2258 921 2321 orbe

89 2351 232 2404 terrarum
255 2342 341 2404 nobis
362 2351 396 2404 ut
416 2342 503 2406 Crete
524 2343 584 2404 sola
606 2353 729 2425 pateret.

89 2428 167 2488 hano
188 2444 306 2508 quoque
327 2427 352 2488 si
374 2426 515 2508 prohibes
536 2435 566 2489 et
589 2446 653 2505 nos,
675 2429 799 2508 ingrate,
821 2425 973 2507 relinquis,

90 2528 151 2573 non
174 2512 306 2590 genetrix
327 2511 446 2593 Europa
469 2512 521 2574 tibi
543 2521 597 2587 est,
617 2513 669 2575 sed
692 2511 839 2593 inhospita
853 2510 956 2592 Syrtis,

89 2595 244 2657 Armeniae
265 2595 356 2674 tigres
376 2607 537 2677 austroque
557 2597 663 2677 agitata
689 2596 857 2678 Charybdis

90 2698 146 2742 nec
167 2679 234 2741 love
254 2689 288 2742 tu
311 2688 408 2756 natus,
430 2699 486 2744 neo
506 2692 602 2744 meter
621 2681 751 2762 imagine
770 2680 846 2743 tauri

89 2762 176 2827 ducta
197 2774 246 2827 tue
268 2772 328 2826 ests
348 2797 393 2810 —
414 2766 531 2845 generis
553 2765 623 2828 [elsa
645 2775 691 2828 est
711 2784 745 2828 ea
767 2764 863 2828 fabula
883 2797 926 2810 -
948 2780 1033 2824 verus

222 2929 348 2998 lpassis⁸
685 2930 784 2983 labore

158 3000 203 3051 101
224 2997 319 3088 lossiqv
369 2996 394 3049 Μ
447 2999 574 3066 sparsis·
627 3002 675 3053 ms
709 2998 742 3051 ed
811 2994 1057 3062 etiamne-gabe
1105 2996 1152 3047 116

88 3129 163 3183 quern
187 3113 233 3166 tibi
256 3067 325 3183 qulllll
363 3112 379 3166 l
431 3131 519 3184 quqe
608 3120 716 3184 mgnum
740 3119 960 3182 interrogationis
976 3121 1040 3215 ²poet
1063 3130 1106 3168 on
1127 3121 1153 3167 et

88 3245 180 3300 donari
194 3253 287 3315 posuit
304 3248 407 3301 Merkel
474 3249 574 3303 Nodere
592 3250 617 3303 Μ
635 3252 667 3312 rN
686 3257 704 3306 ι’.
721 3258 755 3317 r.)
819 3184 970 3304 lrleerllrllllrln
1009 3249 1034 3302 Μ
1105 3253 1149 3304 111

86 3329 299 3385 lobstrnximus²
316 3331 393 3386 orhe'
895 3334 905 3387 l
922 3334 1071 3403 expellimur
1086 3333 1097 3386 l
1114 3349 1152 3387 re-

87 3400 235 3468 exponimur
315 3401 377 3453 orbe
411 3400 437 3453 Μ
524 3402 696 3457 obstmximns
713 3401 835 3456 orbemi
902 3403 1081 3456 obstrinsimus

86 3498 250 3604 mommo
318 3551 486 3621 expendimus
508 3553 620 3621 Madvig
687 3570 839 3624 exposcere,
865 3555 900 3655 in⁸
917 3555 1000 3607 deleto
1023 3559 1152 3655 {ommate

82 3690 282 3751 postremarum
305 3690 428 3806 conieci¹
495 3690 543 3768 119
567 3688 648 3745 haer
735 3621 881 3745 123111121ςέι
912 3621 1062 3756 -ἓεοῗίεῑῐὶι
1082 3688 1150 3751 (itrix

83 3818 230 3940 §.¹32⁰qu
263 3821 353 3878 lusar
421 3768 579 3889 gegrlltlllse
648 3828 689 3889 ea]
712 3830 777 3877 ete
844 3825 935 3891 remim
950 3821 1010 3876 nt²
1076 3840 1151 3878 verus
