2692 4230
145 133 259 181 morose
575 121 618 188 lli,
636 123 779 176 613-681.

147 292 281 373 pervenit
302 291 496 356 Haemoniam
518 291 683 374 positisque
704 311 721 354 e
744 311 871 376 corpore
892 293 999 374 pennis

146 376 177 440 in
199 377 303 441 taciem
326 375 427 457 Ceycis
448 374 520 437 abit.
562 388 740 461 sumptaque
761 379 855 461 ligura

145 461 270 538 luridus,
293 459 418 524 exanimi
441 459 556 536 similis,
578 464 644 527 sine
664 464 794 527 vestibus
815 464 894 539 ullis,

145 548 281 629 coniugis
302 555 369 608 ante
391 553 489 607 torum
511 547 638 612 miserae
659 549 748 612 stetit
792 550 848 612 uda
870 550 985 612 videtur

144 631 234 695 barba
256 630 320 703 riri,
342 629 524 713 madidisque
546 634 643 713 gravis
665 633 758 695 fluere
780 635 859 696 unda
881 634 1003 716 capillis.
1057 707 1062 716 Ι

144 726 207 780 tum
228 716 305 778 lecto
328 713 514 792 incumbens,
536 717 610 780 fletu
631 735 722 798 super
744 735 795 779 ora
817 718 951 798 profuso,

143 801 216 864 haec
237 800 294 862 ait:
318 802 475 878 „agnoscis
497 801 601 881 Ceyca,
622 801 786 863 miserrima
809 801 961 863 coniunx?

143 904 180 948 an
202 902 267 946 mea
290 892 402 948 mutata
424 894 468 948 est
489 885 579 947 iacies
601 882 698 948 nece?
720 885 853 966 respicel
877 905 982 949 nosces

142 969 332 1050 inveniesque
355 979 407 1033 tuo
430 989 485 1052 pro
508 969 635 1048 coniuge
657 969 794 1049 coniugis
816 970 959 1034 umbram.

143 1053 185 1115 nil
208 1053 283 1134 opis,
305 1054 445 1136 Alcyone,
469 1053 555 1116 nobis
578 1063 629 1117 tua
650 1063 717 1117 vota
739 1054 885 1118 tulerunt:

143 1137 313 1203 occidimus.
356 1139 430 1202 lalso
453 1138 506 1201 tibi
528 1157 577 1201 me
598 1140 771 1222 promittere
793 1140 865 1202 noli.

142 1222 262 1287 nubilus
283 1226 399 1304 Aegaeo
422 1224 578 1306 deprendit
599 1225 631 1287 in
654 1243 782 1307 aequore
806 1244 908 1288 narem

141 1318 240 1371 auster
263 1319 292 1372 et
312 1309 427 1390 ingenti
449 1308 584 1373 iactatam
606 1310 727 1373 flamine
748 1309 844 1385 solvit,

141 1412 251 1477 oraque
273 1404 383 1470 nostra,
407 1404 491 1456 tuum
513 1395 623 1457 frustra
645 1395 799 1458 clamantia
821 1411 942 1469 nomen,

140 1478 302 1560 implerunt
323 1480 440 1541 fluctus.
484 1497 544 1540 non
567 1479 642 1541 haec
663 1479 717 1542 tibi
739 1479 856 1542 nuntiat
877 1488 979 1542 auctor

139 1563 304 1643 ambiguus,
327 1582 389 1624 non
412 1563 467 1626 ista
487 1563 569 1643 vagis
590 1564 760 1627 rumoribus
781 1564 882 1627 audisa

139 1647 204 1728 ipse
226 1666 280 1727 ego
303 1648 361 1710 iata
382 1647 438 1710 tibi
460 1667 602 1730 praesens
623 1668 689 1712 mea
710 1650 869 1730 naufragus
891 1651 955 1712 edo.

139 1750 238 1812 surge,
260 1750 324 1812 age,
346 1733 382 1795 da
404 1732 539 1796 lacrimas
554 1733 751 1816 lugubriaque
772 1734 864 1798 indue
886 1754 941 1798 nec
961 1753 1009 1797 me
1037 1810 1038 1813 Ἴ

138 1815 355 1897 indeploratum
377 1817 433 1880 sub
456 1818 554 1880 inania
576 1818 696 1881 'l’artara
718 1819 833 1881 mitte.“

137 1902 226 1963 adicit
246 1902 294 1965 bis
314 1921 418 1965 vocem
439 1902 611 1984 Morpheus,
634 1922 723 1985 quam
745 1905 881 1984 coniugis
902 1905 951 1968 illa

138 1987 270 2049 crederet
292 2007 358 2050 esse
379 1987 435 2050 sui.
479 1988 566 2051 nctus
588 2008 708 2070 quoque
729 1989 853 2053 fundere
874 2010 960 2053 veros

137 2071 216 2133 visus
238 2081 309 2145 erat,
332 2080 508 2153 gestumque
529 2091 637 2135 manus
659 2073 760 2154 Ceycis
779 2074 916 2137 babebat.

136 2155 259 2234 ingemit
280 2157 420 2237 Alcyone,
442 2156 578 2220 lacrimas
599 2167 698 2220 movet
719 2171 809 2240 atque
830 2158 955 2222 lacertos

137 2259 190 2321 per
212 2259 359 2317 somnum,
383 2260 552 2324 corpusque
574 2252 679 2324 petens
700 2242 888 2324 amplectitur
908 2263 994 2308 auras

138 2325 354 2408 exclamatque:
379 2328 501 2404 „manet
523 2346 583 2410 quo
605 2339 635 2390 te
657 2326 759 2410 rapis?
782 2328 890 2392 ibimus
911 2332 999 2393 una.“

134 2429 207 2473 voce
228 2431 280 2472 sua
303 2412 462 2493 specieque
483 2412 537 2473 viri
559 2413 674 2475 turbata
696 2431 834 2494 soporem

136 2496 243 2558 excutit
265 2507 295 2558 et
316 2497 422 2577 primo,
448 2497 473 2559 si
495 2497 544 2570 sit,
567 2497 777 2579 circumspicit,
800 2497 871 2572 illic,

135 2581 185 2661 qui
208 2581 296 2642 modo
318 2581 398 2643 visus
421 2591 492 2644 erat.
537 2601 606 2644 nam
629 2583 701 2644 moti
723 2601 796 2645 roce
817 2583 945 2645 ministri

134 2664 296 2728 intulerant
317 2665 428 2728 lumen.
473 2675 632 2748 postquam
655 2687 715 2730 non
738 2667 851 2730 invenit
873 2687 1006 2750 usquam,

133 2751 262 2831 percutit
285 2769 336 2813 ora
358 2769 448 2813 manu
471 2751 621 2834 laniatque
643 2772 659 2815 a
683 2763 802 2834 pectore
824 2762 918 2815 vestes

98 2905 100 2908 Α
134 2846 311 2917 pectoraque
334 2835 398 2917 ipsa
420 2836 498 2899 ierit.
542 2856 599 2899 neo
621 2838 718 2899 crines
739 2837 853 2900 solvere
876 2848 973 2901 curat:

133 2920 239 2982 scindit
263 2929 292 2982 et
313 2920 419 2996 altrici,
442 2940 516 3002 quae
538 2921 638 2985 luctus
660 2941 757 2998 causa,
778 2925 896 3003 roganti

134 3003 234 3080 ,nulla
258 3015 299 3066 est
323 3005 465 3086 Alcyone,
489 3007 569 3069 nulla
592 3012 655 3069 est“
680 3008 728 3070 ait.
774 3009 902 3083 „occidit
924 3028 981 3070 una

132 3108 200 3151 cum
223 3089 316 3170 Ceyce
338 3110 402 3152 suo.
446 3091 569 3154 solantia
592 3092 686 3155 tollite
709 3091 811 3154 rerbai

133 3177 292 3254 naufragus
314 3175 436 3239 interiit.
481 3177 539 3239 vidi
562 3177 729 3258 agnovique
750 3196 915 3259 manusque

134 3259 169 3321 ad
192 3260 402 3336 discedentem,
425 3262 550 3343 cupiens
572 3263 711 3336 retinere,
733 3264 853 3324 tetendi.

199 3412 248 3463 653
268 3411 340 3462 babit
357 3410 382 3461 lll
443 3414 492 3466 655
511 3410 579 3478 uqitla
597 3411 622 3464 bl
683 3414 733 3466 656
753 3412 839 3464 lluite
900 3416 947 3467 651
969 3420 1059 3464 tnnca
1117 3411 1204 3465 oreltl

131 3476 247 3530 relusoe
299 3482 348 3532 659
368 3482 440 3542 neco]
459 3495 525 3532 nunc
541 3479 566 3531 lt
620 3483 670 3534 663
689 3480 773 3559 navim
792 3499 812 3580 ει
856 3483 906 3533 661
925 3480 1101 3552 inemptambl
1154 3483 1204 3534 665

130 3611 276 3664 damnantia
293 3615 333 3676 (in
350 3631 437 3680 marg.
455 3614 582 3679 clam.)ld
636 3618 686 3668 616
705 3564 819 3684 subiziia
837 3614 863 3666 bl
916 3619 965 3669 613
984 3617 1099 3668 mauultl
1152 3620 1203 3670 614

130 3680 294 3733 lacrimanse
347 3686 395 3736 615
415 3698 549 3735 somnosa
602 3685 652 3737 618
670 3683 723 3735 illie
741 3685 839 3750 tagl:
856 3683 971 3751 lillotlil
1023 3682 1100 3737 ittet
1151 3688 1202 3739 636

129 3751 174 3813 Ν
191 3749 333 3814 r{solerant
357 3757 403 3816 (ex
425 3751 561 3804 attulerant
585 3751 797 3873 miricordiam
867 3755 916 3806 633
941 3753 1021 3805 altrici
1044 3762 1068 3818 (a
1093 3756 1110 3804 i.
1127 3756 1161 3818 r.)
1178 3752 1203 3804 ll

128 3889 177 3940 661
196 3901 226 3939 ac
244 3887 375 3942 discedC
429 3887 561 3941 tenentiC
633 3887 729 3941 tetendi
764 3907 777 3937 ε
