2692 4230
127 137 188 201 180
580 138 736 195 uarum,

128 323 156 377 et
177 334 253 396 quos
277 316 405 379 sustinui
425 314 472 377 bis
492 326 627 374 mensum
650 308 784 389 quinque
805 309 943 375 labores?
1155 320 1199 372 tut

128 418 146 461 o
167 401 279 464 utinam
303 400 407 483 primis
426 396 550 461 misses
572 391 693 471 ignibus
714 391 823 471 infans,

127 485 216 567 idque
237 503 292 566 ego
316 503 399 567 passa
420 477 531 544 foreml
551 474 649 537 vixisti
670 492 795 539 munere
817 490 937 543 nostro:

127 588 209 633 nunc
229 569 335 632 merito
357 565 484 629 moriere
505 571 569 624 tuo.
612 578 686 642 cape
707 562 839 643 praemia
862 565 931 627 facti

126 653 231 736 bisque
252 655 357 725 domm,
379 648 507 730 primum
528 653 626 728 partu,
647 664 716 707 mox
737 645 838 727 stipite
859 658 955 730 rapto¹

128 738 216 801 redde
237 733 380 799 animam!
401 731 447 793 vel
467 748 516 792 me
537 731 675 793 fraternis
697 729 771 794 adde
792 730 974 812 sepulchris!
1156 738 1200 791 505

130 833 159 884 et
179 822 268 903 cupio
290 829 320 881 et
341 834 466 896 nequeo.
509 814 580 895 quid
601 813 709 895 agam?
731 815 820 877 modo
842 815 963 879 vulnera
985 819 1107 880 fratrum

129 917 197 968 ante
219 903 322 967 oculos
342 900 414 963 mihi
436 908 558 962 suntet
580 910 679 963 tantae
701 900 798 963 caedis
820 899 928 978 imago,

130 1009 211 1053 nuno
232 987 362 1048 animum
384 984 478 1065 pietas
500 994 692 1067 maternaque
714 984 835 1048 nomina
858 985 1008 1063 frangunt.

130 1094 178 1137 me
199 1070 350 1134 miseraml
372 1068 448 1132 male
469 1069 603 1146 vincetis,
625 1072 677 1133 sed
699 1070 818 1145 vincite,
841 1069 961 1131 fratres:
1002 1091 1005 1096 ·

130 1154 288 1219 dummodo
312 1173 386 1235 quae
406 1155 514 1218 dedero
535 1155 619 1219 vobis
640 1156 749 1220 solacia
770 1173 882 1236 vosque
1158 1163 1203 1215 nto

130 1242 193 1322 ipsa
215 1233 339 1319 sequar.³
385 1238 456 1302 dixit
476 1241 637 1322 dextraque
657 1261 759 1304 aversa
784 1238 923 1303 trementi

130 1326 286 1386 funereum
307 1334 416 1387 torrem
438 1326 551 1389 medios
572 1327 702 1388 coniecit
724 1327 755 1388 in
778 1325 873 1406 ignes.

131 1416 183 1470 aut
203 1408 292 1484 dedit,
314 1421 365 1471 aut
384 1410 464 1472 visus
485 1410 612 1490 gemitus
633 1421 679 1472 est
697 1411 762 1492 ipse
783 1411 899 1473 dedisse

131 1492 234 1575 stipes,
255 1503 290 1555 ut
312 1494 410 1557 invitis
431 1504 585 1576 correptus
606 1493 643 1556 ab
665 1494 786 1572 ignibus
807 1495 888 1557 arsit

132 1578 242 1641 inscius
262 1588 351 1659 atque
371 1579 478 1658 absens
499 1578 614 1640 flamma
637 1577 803 1655 Meleagrus
824 1578 862 1640 ab
884 1579 933 1640 illa

131 1663 227 1725 uritur
249 1675 276 1725 et
299 1663 393 1724 caecis
413 1662 520 1723 torreri
539 1661 651 1722 viscera
673 1661 763 1722 sentit

131 1748 249 1827 ignibus
270 1765 305 1807 ao
326 1763 450 1824 magnos
470 1755 590 1827 superat
608 1745 719 1807 virtute
740 1745 871 1808 dolores.

131 1831 211 1913 quod
232 1842 327 1892 tamen
351 1830 454 1910 ignavo
477 1831 560 1892 cadat
581 1840 611 1892 et
632 1831 698 1892 sine
718 1831 865 1910 sanguine
888 1829 958 1906 leto,

132 1922 242 1978 maeret
262 1922 292 1976 et
312 1915 421 1977 Ancaei
442 1915 537 1978 felicia
558 1915 680 1978 vulnera
705 1915 787 1990 dicit.

133 2000 387 2079 grandaevumque
409 2011 520 2081 patrem
543 2000 708 2080 fratresque
730 2000 854 2081 piasque
876 2017 993 2061 sorores

133 2102 201 2146 cum
223 2084 333 2162 gemitu
354 2085 523 2164 sociamque
544 2083 601 2145 tori
623 2092 709 2146 vocat
731 2101 783 2145 ore
805 2102 955 2165 supremo,

134 2169 256 2230 forsitan
279 2179 309 2230 et
330 2178 462 2230 matrem.
506 2177 646 2230 crescunt
668 2168 807 2249 ignisque
828 2168 982 2250 dolorque,

134 2252 390 2334 languescuntque
411 2253 532 2315 iterum:
555 2252 643 2314 simul
666 2263 711 2314 est
733 2253 894 2315 exstinctus
915 2264 1050 2333 uterque,

135 2339 226 2419 inque
245 2337 323 2399 leves
343 2338 414 2399 abiit
434 2338 573 2419 paulatim
595 2338 720 2418 spiritus
740 2357 827 2399 auras

134 2422 272 2503 paulatim
295 2441 368 2483 cana
390 2441 515 2503 prunam
537 2421 651 2484 velante
672 2423 777 2484 favilla.

220 2508 284 2569 Alta
307 2507 380 2568 iacet
402 2506 546 2587 Calydon:
570 2507 676 2586 lugent
697 2508 878 2586 iuvenesque
898 2525 1054 2588 senesque,

135 2591 298 2672 uulgusque
320 2610 516 2672 proceresque
537 2602 670 2671 gemunt,
692 2593 861 2672 scissaeque
882 2591 1006 2673 capillos

134 2675 317 2758 planguntur
338 2686 444 2738 matres
466 2675 661 2756 Calydonides
682 2677 846 2738 Eueninae.

136 2761 257 2841 pulvere
279 2761 414 2821 canitiem
436 2761 554 2839 genitor
575 2761 734 2842 vultusque
756 2762 866 2822 seniles

136 2845 233 2906 foedat
253 2845 334 2906 humi
357 2845 439 2906 fusus
460 2845 681 2926 spatiosumque
708 2847 843 2926 increpat
865 2863 978 2907 aerum.

137 2947 204 2990 nam
226 2930 262 2991 de
284 2939 375 2991 matre
396 2948 501 2991 manus
522 2930 577 2991 diri
600 2930 656 2992 sibi
678 2931 798 2992 conscia
821 2931 892 2991 facti

137 3013 233 3093 exegit
253 3033 365 3094 poenas
385 3023 527 3095 acto·per
547 3015 657 3076 viscera
679 3016 769 3077 ferro.

137 3115 198 3160 non
220 3098 293 3159 mihi
314 3099 339 3159 si
360 3110 479 3161 centum
501 3099 575 3160 deus
596 3118 646 3161 ora
669 3099 807 3161 sonantia
828 3099 939 3178 linguis

138 3183 348 3264 ingeniumque
370 3201 460 3265 capax
482 3192 636 3263 totumque
658 3183 801 3246 Helicona
825 3184 961 3257 dedisset,

138 3293 341 3302 ———-

206 3336 254 3385 sia
282 3332 373 3383 iiten
425 3333 480 3398 ipse
507 3335 576 3384 coni.
601 3333 714 3400 amureg
785 3336 835 3386 sir
853 3333 892 3399 ιιι]
913 3333 984 3384 eiu
1035 3294 1158 3399 correptis
1184 3328 1209 3381 nr

138 3403 187 3454 515
206 3395 367 3466 Meleagerl
434 3398 577 3466 meleagrus
594 3404 635 3465 (us
653 3405 670 3451 i.
689 3407 755 3461 nte
823 3404 873 3453 519
892 3401 978 3453 anthei
995 3399 1022 3452 ll
1091 3399 1211 3452 adelicia

139 3535 306 3596 (estatfdil
369 3536 417 3587 525
436 3501 516 3601 pruni}
533 3532 576 3585 Μ’
637 3552 744 3603 prunam
763 3535 801 3586 tt·
862 3537 911 3586 unt
931 3542 955 3587 et
974 3537 1099 3601 vulgus:
1161 3536 1210 3587 528

788 3620 855 3672 oime
865 3647 873 3660 ·
883 3635 934 3672 uox
947 3619 1077 3673 dolentis²
1121 3617 1132 3671 l
1141 3617 1213 3687 plan·

140 3684 262 3752 plangunt
281 3685 348 3737 huiic
358 3714 388 3724 -
398 3685 525 3753 euuenijle
540 3685 564 3737 tt
613 3687 738 3755 plangunt
748 3715 781 3728 -
791 3688 910 3774 eumenii}
1076 3683 1091 3738 l
1142 3685 1213 3753 plan·

140 3780 204 3834 gunt
214 3786 257 3821 ora
266 3770 340 3822 simul
351 3771 490 3822 meeum
501 3787 595 3825 mm.
855 3759 866 3790 ²

140 3842 204 3902 gunt
238 3853 266 3889 se
292 3867 325 3876 -
351 3853 484 3958 eunenfne
599 3858 613 3891 ε
666 3840 1214 3907 planguntur-Euenumcautissimam

138 3906 189 3957 5³2
206 3904 323 3971 lingones
339 3904 383 3958 Μ’
445 3903 570 3974 ingnaei
