2692 4230
137 134 235 172 saurae
574 120 613 186 lll,
630 123 773 175 629-698.

136 304 260 375 serpunt
283 305 312 356 et
333 291 458 372 gravidis
479 290 664 372 distinguunt
686 293 748 356 vela
769 292 924 374 corymbis.

137 377 202 460 ipse
223 377 403 441 racemiferis
425 376 551 437 frontem
573 376 771 442 circumdatus
793 379 855 442 uris

136 464 304 545 pampineis
323 461 413 539 agitat
434 459 555 523 relatam
577 462 732 525 frondibus
753 464 873 526 hastam.

137 567 226 629 quem
249 547 326 608 circa
349 545 439 622 tigres
459 545 672 628 simulacraque
693 547 792 609 inania
813 547 932 627 lyncum

136 633 342 715 pictarumque
364 629 460 691 iacent
481 632 541 694 iera
563 648 687 712 corpora
709 634 926 712 pantherarum.

136 716 282 780 exsiluere
304 713 367 786 uiri,
389 714 448 776 sive
469 718 527 779 boc
547 715 661 778 insania
681 715 761 789 iecit,

136 802 197 864 sive
219 799 316 871 timor,
339 799 511 882 primusque
534 801 639 862 Medon
662 799 827 878 nigrescere
847 802 945 881 coepit

136 902 263 963 corpore
285 893 314 943 et
336 902 473 965 expresso
495 885 598 967 spinae
619 885 786 946 curvamine
808 885 893 948 flecti.

135 968 242 1048 incipit
263 969 334 1030 buic
356 969 499 1049 Lycabas:
524 970 575 1044 „in
597 988 671 1049 quae
693 969 851 1032 miracula“
874 971 946 1033 dixit

136 1051 322 1129 „venerum
346 1067 374 1116 et
396 1055 446 1117 lati
467 1055 558 1116 rictus
580 1064 609 1114 et
631 1054 725 1135 panda
746 1054 877 1135 loquenti

135 1137 216 1200 uaris
239 1148 310 1213 erat,
332 1157 541 1220 squamamque
563 1139 640 1200 cutis
660 1140 762 1201 durata
783 1140 924 1201 trahebat.

134 1234 166 1285 at
188 1223 277 1303 Libys
299 1226 450 1287 obstantes
471 1224 541 1284 dum
564 1223 626 1285 vult
645 1224 796 1286 obvertere
819 1242 925 1299 remos,

135 1307 168 1370 iu
189 1310 318 1390 spatium
340 1309 454 1370 resilire
475 1326 580 1404 manus
602 1309 688 1371 breve
710 1309 781 1370 vidit
802 1319 832 1370 et
853 1309 917 1370 illas

134 1413 194 1456 ram
217 1414 277 1456 non
301 1413 367 1455 esse
387 1411 502 1468 mauus,
524 1412 580 1455 ram
603 1413 709 1473 pinnas
730 1412 817 1475 posse
837 1412 944 1455 vocari.

133 1479 219 1553 alter,
241 1479 278 1540 ad
301 1478 428 1539 intortos
449 1479 573 1558 cupiens
593 1479 662 1540 dare
684 1478 819 1540 bracchia
841 1479 936 1551 lunes‚

133 1562 270 1626 bracchia
295 1581 354 1623 nou
378 1563 481 1624 babuit
502 1575 667 1643 uuucoque
688 1563 836 1644 repandus
857 1564 886 1625 iu
909 1565 1004 1625 undas

134 1665 262 1728 corpore
283 1647 416 1709 desiluit:
441 1648 542 1710 lalcata
565 1648 721 1709 novissima
743 1648 834 1710 cauda
856 1659 909 1721 est,

134 1732 232 1814 qualia
255 1732 392 1795 dimidiae
412 1733 568 1794 sinuantur
589 1751 700 1796 cornua
721 1733 817 1794 lunae.

134 1816 267 1898 undique
289 1817 360 1879 daut
380 1817 474 1879 saltus
495 1818 643 1899 multaque
663 1818 839 1899 adspergine
860 1826 961 1879 rorant

133 1912 349 1983 emerguntque
372 1902 478 1964 iterum
500 1903 682 1984 redeuntque
703 1903 758 1965 sub
779 1920 906 1983 aequora
928 1921 1032 1964 rursus

133 1987 226 2068 inque
250 1988 334 2049 chori
355 1987 463 2048 ludunt
483 1989 611 2069 speciem
633 1989 796 2069 lascivaque
817 1989 926 2050 iactant

133 2091 259 2154 corpora
282 2083 311 2134 et
332 2086 486 2153 acceptum
508 2073 616 2155 patulis
637 2093 716 2136 mare
740 2073 858 2135 naribus
879 2072 989 2134 elllaut

133 2158 170 2219 de
192 2158 280 2218 modo
304 2158 407 2236 viginti
429 2162 486 2233 (tot
508 2158 587 2218 enim
607 2159 678 2220 ratis
699 2157 748 2219 illa
769 2157 892 2233 terebat)

132 2242 278 2304 restabam
300 2241 391 2303 solus·
434 2242 571 2323 pavidum
593 2242 780 2322 gelidumque
802 2242 937 2303 trementi

132 2346 260 2409 corpore
280 2327 387 2408 vixque
410 2345 508 2388 meum
530 2329 624 2389 firmat
646 2328 719 2390 deus
741 2331 884 2403 „excute“
907 2327 1010 2390 diceus

134 2413 245 2488 „corde
266 2421 377 2474 metum
399 2411 542 2493 Diamque
564 2417 661 2475 tene“
699 2412 810 2474 delatus
831 2413 862 2475 iu
885 2412 965 2474 illam

132 2498 244 2559 accessi
267 2497 358 2559 sacris
378 2497 569 2579 Raccbeaque
591 2517 672 2560 sacra
695 2489 866 2578 frequento?

129 2575 334 2663 ‘praebuimus
355 2577 460 2662 lougis’
484 2583 633 2645 Pentheus
650 2577 835 2661 ‘ambagibus
855 2579 962 2656 aures,

133 2667 230 2748 iuquit
248 2659 296 2728 ‘ut
316 2668 360 2728 ira
381 2687 463 2729 mora
485 2669 561 2730 uires
581 2669 736 2729 absumere
759 2675 866 2747 posset.

133 2751 324 2834 praecipitem
346 2752 448 2814 lamuli
470 2753 563 2833 rapite
584 2753 665 2815 bunc
686 2752 872 2833 cruciataque
894 2751 966 2813 diris

132 2856 259 2919 corpora
281 2838 434 2898 tormentis
456 2836 572 2916 Stygiae
594 2837 736 2899 demittite
758 2832 857 2898 nocti?

133 2923 271 3003 protinus
293 2922 457 2984 abstractus
478 2922 579 2983 solidis
601 2922 771 3003 Tyrrhenus
793 2925 917 2983 Acoetes

132 3008 280 3069 clauditur
303 3008 333 3067 in
357 3007 456 3082 tectis;
480 3018 508 3068 et
529 3009 599 3069 dum
622 3008 749 3070 crudelia
773 3008 866 3069 iussae

133 3093 327 3155 instrumenta
352 3093 433 3153 necis
453 3094 623 3174 ferrumque
645 3094 788 3173 ignesque
811 3099 961 3173 parantur,

200 3313 251 3364 668
270 3310 364 3362 lineum
381 3313 433 3376 (um
446 3315 464 3362 ι’.
474 3330 522 3363 aa
536 3328 568 3363 m.
579 3314 604 3375 b)
617 3310 641 3360 Μ
694 3313 743 3363 669
762 3311 936 3376 pictarumque
953 3308 978 3371 (a
992 3303 1102 3367 emolli
1155 3307 1205 3356 ott

132 3378 177 3430 sed
190 3381 236 3443 (aa
248 3377 299 3445 et')
318 3395 406 3446 presso
418 3378 444 3430 Μ
480 3386 506 3431 et
524 3374 646 3446 pressol
681 3377 725 3430 sed
744 3392 862 3445 pressos
892 3373 1104 3426 maeodllerlel
1155 3375 1206 3425 ott

159 3461 214 3514 lti·
406 3479 482 3515 curra

130 3531 183 3582 late
209 3530 235 3582 Μ
270 3530 354 3583 lateo
406 3527 522 3598 pandal
573 3534 621 3584 bl'l
641 3495 798 3591 resiliretin
816 3544 901 3594 marg.
919 3545 935 3577 a
954 3544 988 3578 m.
1006 3526 1024 3579 2
1042 3526 1162 3589 residere)
1180 3524 1205 3575 Μ

131 3601 181 3652 ott
200 3599 340 3666 pennash
410 3602 459 3652 689
477 3603 547 3650 sica
581 3597 684 3650 undat}
753 3599 802 3650 ost
820 3611 962 3663 aequorea
1029 3597 1078 3647 688
1097 3592 1206 3660 pavidus

131 3667 324 3735 gelidusqueh
359 3684 407 3719 em.
424 3668 514 3719 Ileim.
566 3669 615 3720 689
635 3667 678 3718 vix
695 3682 735 3718 me
753 3662 841 3716 iuml
891 3667 941 3717 690
960 3663 1086 3730 chionque
1104 3660 1129 3712 Μ
1148 3665 1166 3712 i.
1182 3678 1206 3711 r.

130 3735 300 3803 cbiamquer
352 3751 422 3788 corr.
440 3736 480 3787 ed.
497 3735 558 3788 ΑΜ.
578 3734 643 3788 1502
720 3737 766 3787 691
791 3733 910 3785 bacheim
936 3727 1048 3783 sacral
1109 3729 1206 3780 testae

131 3805 181 3856 693
206 3805 233 3855 iu
250 3818 322 3855 mora
345 3820 370 3856 v.
388 3799 571 3857 consumerel
639 3805 689 3855 694
711 3802 834 3869 praecipit
868 3800 1000 3853 tlamulis
1016 3797 1042 3849 Μ
1094 3796 1205 3848 durisll

131 3887 203 3924 corr.
221 3872 310 3924 Helm.
363 3875 412 3925 695
431 3872 550 3924 dimittite
568 3871 643 3923 morti
663 3871 740 3935 (nocti
759 3871 821 3936 εΗ
872 3871 922 3924 698
941 3867 1097 3936 parabante
