2692 4230
130 122 219 161 sosaus
507 185 510 191 ν
560 107 623 172 vm,
641 110 782 162 151-221.

132 288 166 342 ut
187 278 261 341 olivo
285 280 409 343 crevisse
431 284 527 357 putes.
570 276 614 339 sic
634 279 743 342 rustica
768 281 916 362 quondam

133 364 230 428 dstula
251 363 417 446 disparibus
438 360 578 441 paulatim
600 365 695 445 surgit
718 365 827 429 avenis.

132 458 194 511 tum
217 448 279 512 lino
301 447 411 510 medias
433 453 461 506 et
484 446 560 508 ceris
579 446 678 527 alligat
699 449 782 526 imas,

132 544 221 615 atque
242 535 281 596 ita
303 529 471 611 conpositas
493 550 583 612 parvo
608 534 776 596 oumamine
798 535 898 610 lleotit,

133 628 166 682 ut
187 637 270 681 veras
292 616 426 677 imitetur
446 634 522 678 aues.
566 636 641 698 puer
660 617 760 680 loarus
780 637 840 682 una

133 704 228 767 stabat
248 709 288 773 et,
310 700 431 778 ignarus
452 720 505 764 sua
526 721 558 764 se
580 710 705 764 tractare
726 703 846 782 periola,

133 806 186 851 ore
206 784 351 848 renidenti
374 786 473 863 modo,
497 805 570 867 quas
590 803 661 863 vaga
683 797 812 849 moverat
832 807 912 863 aura,

133 869 267 953 captabat
287 869 413 950 plumas,
435 872 538 934 bavam
559 870 647 930 modo
666 869 773 950 polliae
795 890 891 935 ceram

131 953 263 1018 mollibat
284 953 410 1036 lusuque
431 974 486 1018 suo
508 953 641 1016 mirabile
662 955 753 1034 patris

132 1039 307 1120 impediebat
330 1060 416 1122 opus.
460 1048 615 1121 postquam
637 1057 742 1101 manus
763 1039 865 1102 ultima
887 1040 999 1121 coeptis

131 1124 259 1206 inposita
282 1134 337 1200 est,
358 1125 491 1204 geminas
512 1123 610 1205 opifex
635 1123 751 1187 libravit
772 1125 802 1187 in
826 1125 886 1187 alas

132 1209 196 1290 ipse
218 1228 305 1272 suum
328 1228 438 1291 eorpus
459 1218 597 1315 motaque
618 1211 759 1291 pependit
781 1211 811 1273 in
834 1229 915 1273 aura.

132 1294 252 1358 instruit
272 1306 301 1357 et
323 1303 424 1356 natum
443 1288 553 1356 ‘medio
587 1313 645 1374 que
663 1288 708 1355 ‘ut
729 1295 821 1356 limite
844 1313 954 1368 curras,

130 1375 229 1456 lcare,'
253 1381 294 1441 ait
311 1374 443 1453 ‘moneo,
466 1398 513 1454 ne,
535 1380 560 1440 si
581 1378 735 1440 demissior
757 1378 822 1453 ibis,

133 1466 211 1527 unda
234 1474 332 1544 gravet
354 1480 478 1544 pennas,
501 1463 526 1524 si
548 1461 663 1537 celsior,
686 1463 763 1542 ignis
783 1464 894 1525 adurat.

131 1549 208 1613 iuter
230 1560 390 1627 utrumque
411 1546 486 1609 vola.
530 1565 586 1609 neo
607 1558 638 1609 te
658 1558 791 1628 spectare
812 1547 926 1610 Booten

133 1643 183 1696 aut
203 1633 325 1694 Helicen
348 1631 436 1694 iubeo
458 1631 651 1713 strictumque
673 1632 792 1712 Orionis
815 1651 934 1695 ensem:

129 1736 176 1780 me
197 1717 273 1780 duce
294 1734 383 1798 carpe
406 1711 499 1779 riam?
545 1718 654 1799 pariter
675 1725 831 1799 praecepta
856 1717 974 1781 volandi

130 1802 217 1865 tradit
239 1811 268 1864 et
289 1801 407 1883 ignotas
428 1801 539 1864 umeris
558 1803 758 1864 accommodat
779 1800 850 1864 alas.

130 1887 207 1949 inter
229 1906 306 1968 opus
327 1886 518 1969 monitusque
539 1904 632 1967 genae
652 1886 789 1950 maduere
810 1887 928 1963 seniles,

130 1982 159 2035 et
180 1973 291 2054 patriae
312 1980 460 2034 tremuere
480 1990 595 2034 manus.
638 1971 717 2034 dedit
738 1971 838 2034 osenla
867 1983 935 2036 nato

130 2058 191 2119 non
213 2058 321 2119 iterum
343 2057 503 2137 repetenda
525 2075 590 2130 suo,
611 2056 776 2137 pennisque
797 2056 909 2119 levatus

131 2151 199 2204 ante
221 2140 297 2204 volat
318 2141 479 2220 comitique
501 2140 593 2215 timet,
614 2140 693 2203 velut
713 2141 782 2216 ales,
805 2141 841 2203 ab
864 2141 937 2204 alto

130 2245 206 2308 quae
226 2237 358 2288 teneram
380 2225 494 2306 prolem
517 2225 656 2306 produxit
677 2225 707 2288 in
728 2236 796 2290 aera
819 2226 899 2302 nido,

131 2313 323 2392 hortaturque
344 2310 429 2390 sequi
451 2311 665 2391 damnosasque
686 2312 782 2373 erudit
803 2321 881 2374 artes

131 2405 160 2458 et
181 2405 279 2458 movet
300 2396 363 2476 ipse
385 2412 454 2456 suas
476 2404 505 2457 et
527 2395 587 2457 nati
609 2395 730 2475 respioit
750 2395 819 2458 alas.

132 2482 187 2543 hos
208 2480 315 2562 aliquis
336 2479 460 2542 tremula
483 2481 552 2542 dum
576 2487 673 2561 captat
692 2480 857 2544 harundine
879 2480 986 2563 pisces,

131 2576 180 2628 aut
202 2576 303 2646 pastor
323 2563 428 2627 baculo
451 2564 559 2626 stivave
580 2565 698 2627 iunixus
720 2576 817 2628 arator

130 2651 202 2712 uidit
223 2661 252 2712 et
275 2649 425 2730 obstipuit,
449 2649 559 2731 quique
580 2651 697 2712 aethera
719 2669 839 2732 carpere
860 2660 993 2733 possent,

131 2736 255 2798 credidit
276 2753 340 2796 esse
363 2735 443 2796 deos.
489 2744 518 2796 et
539 2735 595 2796 iam
618 2734 741 2797 lunonia
763 2735 843 2798 laeua

132 2829 216 2901 parte
239 2820 352 2893 Samos,
374 2820 492 2882 fuerant
513 2819 659 2900 Delosque
680 2819 830 2900 Parosque
856 2819 983 2894 relictae,

132 2905 232 2967 dextra
256 2904 420 2967 Lebintbus
442 2912 505 2967 erat
526 2905 709 2985 fecundaque
729 2904 815 2967 melle
838 2905 987 2986 Calymne,

131 3008 198 3051 cum
220 3008 295 3071 puer
315 2990 418 3051 audaoi
441 2990 540 3071 coepit
561 2990 687 3069 gaudere
708 2991 805 3053 volatu

130 3075 317 3156 deseruitque
340 3075 444 3137 ducem
468 3075 600 3155 eaelique
622 3075 759 3154 cupidine
785 3084 896 3138 tractus

201 3281 245 3331 191
259 3208 394 3329 ¹2:21¹&
411 3276 437 3327 Μ
527 3279 573 3331 192
596 3279 717 3344 paulatim
741 3279 759 3342 (i
778 3296 813 3331 ss
831 3282 856 3342 a)
875 3277 1004 3330 -aueois
1028 3278 1054 3340 (u
1076 3293 1111 3328 ee
1129 3278 1156 3342 b)
1174 3277 1198 3329 Μ

133 3349 178 3398 tat
204 3345 460 3466 signitentirabew'stn
484 3343 509 3396 Μ
535 3350 615 3412 patus
637 3353 646 3399 t
668 3350 687 3398 ι’.
708 3353 743 3412 r.)
815 3349 863 3401 tet
889 3353 916 3398 st
938 3346 1030 3398 tlauam
1054 3343 1079 3396 Μ
1126 3349 1200 3464 ἰ200

130 3489 222 3549 coepto
250 3481 273 3534 Μ
330 3477 458 3548 sosplol
526 3484 571 3534 201
594 3482 708 3571 geminas
725 3485 749 3545 (a
768 3499 803 3534 ea
820 3483 826 3534 i
846 3480 970 3545 sorr.)bl
1040 3481 1201 3534 2011101110ι

130 3616 181 3668 sior
197 3614 224 3667 Μ
276 3620 325 3670 200
344 3618 430 3670 neuC
489 3618 537 3670 208
556 3576 667 3670 volando}
685 3616 709 3669 Μ
766 3621 816 3672 212
833 3595 936 3671 levatis
954 3621 980 3683 (u
997 3633 1033 3669 ss
1050 3617 1058 3667 i
1077 3620 1157 3680 corr.)
1176 3617 1200 3670 bl

130 3686 179 3737 213
197 3682 309 3737 aveat·
361 3685 415 3737 ales
433 3682 466 3736 λ’
529 3686 747 3754 llssstisalllqlqt
765 3684 790 3736 Μ
809 3689 826 3749 (ς
841 3690 904 3752 post
921 3690 974 3807 gt.
993 3689 1026 3749 r.)
1089 3687 1138 3737 219
1157 3686 1203 3737 ob·

129 3752 260 3821 stupuits
346 3756 393 3806 221
419 3752 541 3806 lueratd
611 3753 709 3807 inerant
729 3755 852 3806 Heinsius
943 3756 1014 3820 s’erig
1030 3757 1092 3819 post
1111 3752 1202 3807 Samos

129 3836 231 3872 masma
244 3823 337 3888 posuit
398 3820 564 3890 Delosquell
622 3819 732 3876 llelosl
800 3825 849 3876 222
868 3816 1032 3875 ΙεΜιιΜοελ
1086 3820 1202 3891 ealiuqs

129 3890 177 3942 221
198 3889 351 3956 10110101Μ
405 3895 521 3946 Μοωες
574 3895 668 3942 tractus
686 3891 811 3942 Heinsius
