2692 4230
129 119 250 161 caranus.
278 121 429 160 cnrrnrssns
591 105 769 170 heo-129.

132 276 295 360 enodisque
316 278 397 339 abies
418 284 596 354 curvataque
618 274 775 355 glandibus
796 275 853 339 ilex

131 371 160 424 ct
182 363 320 444 platanus
342 358 466 440 genialis
489 376 616 440 acerque
637 361 789 425 coloribus
812 361 899 445 inpar

129 447 351 528 amnicolaeque
373 443 461 505 simul
483 443 588 508 salices
610 455 640 510 et
660 448 794 528 aquatica
820 447 898 509 lotos

128 541 333 614 perpetuoque
354 529 454 589 uirens
476 527 588 592 buxum
610 541 776 613 tenuesque
797 532 926 613 myricae

130 625 161 678 et
181 615 296 690 bicolor
316 621 431 694 myrtus
454 624 485 676 et
505 614 587 678 bacis
609 616 726 678 caerula
749 617 839 680 tinus.

128 719 181 763 ros
204 717 333 781 quoque,
355 697 516 779 flexipedes
537 701 673 773 hederae,
695 701 817 764 venistis
840 711 870 764 et
891 720 951 764 una

130 785 306 867 pampineae
327 782 401 844 vites
423 794 453 846 et
474 785 597 847 amictae
618 783 726 845 viribus
747 785 821 847 ulmi

130 870 256 949 ornique
278 876 307 928 ct
328 868 430 949 piceae
451 887 602 951 pomoque
624 877 744 929 onerata
766 868 884 931 rubenti

129 953 253 1016 arbutus
275 953 432 1027 allectae,
454 953 574 1015 victoris
595 951 736 1033 praemia,
759 953 874 1034 palmae

130 1046 160 1098 et
180 1037 330 1100 succincta
352 1057 452 1100 comas
474 1037 647 1124 hirsutaque
669 1037 778 1099 vertice
800 1039 902 1119 pinus,

130 1131 210 1200 grata
233 1122 320 1184 deum
343 1123 445 1196 matri;
472 1122 618 1205 siquidem
643 1121 799 1204 Cybeleius
824 1121 901 1185 Attis

132 1207 212 1270 exuit
232 1207 288 1271 hac
309 1208 461 1270 hominem
483 1217 650 1289 truncoque
672 1208 808 1271 induruit
828 1207 890 1270 illo.

216 1293 318 1355 Adfuit
339 1293 409 1355 huic
430 1292 535 1355 turbae
556 1303 649 1354 metas
672 1292 782 1354 imitata
806 1310 974 1374 cupressus,

132 1395 214 1439 nunc
236 1376 334 1450 arhor,
356 1396 432 1458 puer
452 1387 523 1439 ante
544 1377 600 1438 deo
622 1376 748 1438 dilectus
769 1376 805 1438 ab
829 1377 891 1449 illo,

131 1464 181 1542 qui
204 1461 345 1524 citharam
367 1461 465 1522 nervis
488 1468 518 1521 et
539 1460 637 1523 nervis
659 1470 806 1542 temperat
827 1480 938 1524 arcum.

131 1564 259 1627 namque
280 1564 363 1606 sacer
385 1545 524 1627 nymphis
546 1545 687 1609 Carthaea
710 1546 883 1609 tenentibus
903 1564 971 1608 arva

132 1632 240 1710 ingens
263 1648 366 1691 cerrus
389 1639 460 1704 erat,
482 1630 600 1712 lateque
621 1630 794 1712 patentibus
818 1631 892 1694 altas

133 1717 198 1796 ipse
220 1733 275 1776 suo
298 1714 388 1795 capiti
409 1715 570 1797 praebebat
592 1716 735 1779 cornibus
757 1716 886 1779 umbras.

132 1819 243 1863 cornua
265 1799 419 1881 fulgebant
440 1818 524 1872 auro,
546 1800 733 1882 demissaque
755 1801 787 1863 in
809 1819 908 1863 armos

131 1885 299 1966 pendebant
319 1885 404 1947 tereti
427 1894 571 1964 gemmata
594 1884 715 1948 monilia
737 1886 824 1948 collo.

131 1970 211 2032 hulla
233 1989 324 2051 super
345 1970 474 2032 frontem
496 1971 594 2051 parvis
615 1980 755 2051 argentea
777 1971 850 2033 loris

130 2055 226 2118 uincta
250 2054 430 2127 movebatur,
451 2053 599 2136 parilique
619 2064 729 2118 aetates
754 2055 888 2117 nitebant

132 2139 253 2202 auribus
276 2159 292 2202 e
315 2140 441 2218 geminis
463 2140 576 2202 circum
599 2158 668 2202 cara
690 2149 823 2222 tempora
845 2140 944 2203 bacae.

132 2225 216 2306 isque
236 2236 318 2287 metu
340 2243 450 2287 vacuus
473 2224 658 2306 naturalique
683 2244 792 2307 pavore

133 2311 267 2391 deposito
290 2309 439 2372 celebrare
461 2310 566 2371 domos
587 2310 804 2392 mulcendaque
825 2309 901 2373 colla

133 2395 293 2475 quamlibet
315 2395 425 2473 ignotis
446 2395 584 2456 manibus
606 2395 748 2477 praebere
770 2393 893 2456 solebat.

133 2480 183 2542 sed
207 2491 302 2542 tamen
326 2489 395 2541 ante
415 2479 490 2541 alios
519 2477 594 2541 Ceae
616 2479 815 2562 pulcherrime
841 2478 949 2559 gentis,

133 2575 233 2643 gratus
256 2574 326 2638 erat,
350 2564 515 2646 Cyparisse
539 2564 603 2627 tihi.
647 2575 679 2627 tu
702 2565 809 2646 pabula
836 2583 955 2626 cervum

133 2651 168 2711 ad
191 2668 276 2721 nora,
297 2659 330 2710 tu
353 2649 455 2730 liquidi
478 2649 608 2711 ducebas
631 2649 721 2711 fontis
742 2650 779 2711 ad
801 2649 921 2723 undam,

133 2743 165 2795 tu
188 2735 276 2796 modo
301 2735 440 2795 nectebas
460 2735 557 2796 varios
578 2753 633 2815 per
656 2752 767 2796 cornua
790 2734 889 2805 flores,

135 2837 215 2880 nunc
238 2837 328 2899 eques
350 2819 379 2880 in
403 2829 487 2898 tergo
510 2818 645 2882 residens
667 2821 726 2881 huc
747 2819 841 2880 laetus
863 2827 893 2880 et
915 2816 987 2879 illuc

134 2903 234 2964 mollia
258 2905 417 2984 purpureis
439 2903 576 2966 frenabas
598 2923 649 2966 ora
672 2904 817 2986 capistris.

134 2997 231 3049 aestus
254 2999 315 3050 erat
337 2989 512 3070 mediusque
534 2990 608 3058 dies,
629 2989 760 3070 solisque
782 3006 890 3068 rapore

135 3092 262 3134 concava
284 3072 380 3134 litorei
403 3074 553 3136 fervebant
574 3073 711 3136 bracchia
737 3073 862 3135 Cancri:

135 3159 230 3219 fessus
253 3159 283 3218 in
306 3157 434 3220 herbosa
457 3160 558 3239 posuit
580 3178 632 3221 sua
656 3178 782 3239 corpora
804 3169 883 3219 terra

136 3261 240 3303 cerrus
263 3250 291 3303 et
312 3242 434 3304 arborea
458 3244 552 3322 frigus
574 3243 700 3306 ducebat
723 3243 759 3304 ab
783 3242 898 3305 umbra.

205 3397 236 3446 ut
256 3391 489 3460 perpetuaequchl
536 3392 654 3451 buxuse
706 3396 739 3446 98
776 3391 868 3446 inusC
916 3389 1011 3442 ficoss
1058 3389 1127 3440 tinus
1145 3389 1215 3438 coni.

136 3463 225 3513 fletus.
279 3464 324 3513 101
346 3460 509 3513 honorataltf
564 3411 774 3542 tucatfcttbi1
813 3463 861 3512 tos
880 3456 1024 3511 carchcabl
1078 3459 1126 3509 rat
1145 3470 1214 3523 genr-

136 3593 405 3665 mataqueinarmol
454 3598 656 3651 flademissac
676 3528 835 3650 lqriqrqpsqsae
884 3597 932 3647 114
944 3590 1049 3674 helladi
1095 3587 1213 3674 lq‘lrishf

139 3670 186 3718 115
211 3666 294 3717 cincla
312 3665 483 3732 moneballtor
501 3664 526 3717 ll
578 3666 724 3733 parilcsquc
747 3663 763 3717 l
814 3681 839 3733 p.
858 3679 889 3715 cx
907 3677 965 3714 aere
987 3659 1215 3722 concitantem

137 3734 389 3814 colummanus
442 3737 578 3814 tf'lmetu
597 3733 840 3786 corr.ecmctusC
896 3727 1053 3797 ttoceeehf
1110 3730 1154 3780 tat
1176 3729 1214 3789 tu]

138 3801 262 3868 quradbi
313 3800 616 3870 tatatnmuhqctdrtd
667 3805 715 3856 tat
727 3800 860 3854 sternebas
873 3798 898 3851 bl
946 3791 1121 3875 tendebant·
1145 3800 1216 3846 texe·

137 3871 209 3922 base
256 3870 376 3922 nectebas
389 3873 492 3921 conieci
534 3866 695 3938 ranosperl
742 3872 789 3922 124
800 3869 926 3935 hujfcfer.
937 3863 997 3929 nihl
1040 3860 1213 3917 tidnrtorebl
