2692 4230
128 109 170 171 80
464 127 481 147 ⁴
591 117 745 172 ΜΕΤΑΜΜ.
1080 131 1201 169 senoricus

129 290 178 350 sed
203 291 290 352 modo
313 292 397 352 lonte
418 308 474 352 suo
497 290 644 349 lormosos
665 288 775 366 perluit
796 301 885 363 artus,
1158 297 1202 348 010

128 393 217 455 saepe
240 375 393 455 Cytoriaco
414 373 533 436 deducit
555 371 675 451 pectine
697 373 794 433 crines

129 468 168 533 et,
194 461 264 541 quid
288 479 320 522 se
341 462 453 525 deceat.
475 465 620 536 spectatas
642 456 770 516 consulit
792 460 895 532 undas,

129 563 211 606 nunc
232 545 397 626 perlucenti
420 539 598 602 circumdata
621 558 731 620 corpus
750 541 858 602 amictu

129 629 268 690 mollibus
290 639 339 690 aut
362 626 440 687 loliis
461 632 511 685 aut
533 622 672 684 mollibus
693 623 812 685 incubat
834 627 943 701 herbis,

129 733 217 796 saepe
240 715 310 792 legit
331 713 428 772 llores.
473 716 503 769 et
524 715 597 768 tunc
619 725 740 787 quoque
761 709 836 769 sorte
857 710 981 790 legebat,

127 817 196 861 cum
221 815 347 878 puerum
369 794 440 854 vidit
460 793 615 871 visumque
638 792 747 872 optavit
768 792 885 854 habere.

129 902 186 945 nec
206 893 304 944 umen
327 890 397 940 ante
417 877 498 949 adiit,
521 878 575 938 etsi
600 879 776 958 properabat
797 877 886 950 adire,

130 984 218 1047 quam
241 985 272 1027 se
295 963 463 1043 conposuit,
486 979 575 1042 quam
598 961 805 1043 circumspexit
826 963 950 1025 amictus
1022 997 1024 1001 ,

129 1061 160 1114 et
181 1052 264 1112 duxit
285 1048 409 1120 vultum,
431 1056 462 1108 et
481 1048 591 1108 meruit
612 1051 738 1110 lormosa
761 1048 861 1108 rideri.

131 1146 203 1197 tunc
224 1136 266 1194 sic
289 1151 355 1194 orsa
379 1132 471 1212 loqui,
495 1152 592 1214 „puer
613 1152 631 1194 o
654 1135 824 1213 dignissime
846 1131 925 1193 credi

129 1237 196 1280 esse
217 1219 300 1291 deus,
323 1236 375 1279 seu
398 1228 430 1279 tu
452 1219 527 1280 deus
549 1239 590 1293 es,
613 1230 699 1300 potes
719 1238 784 1281 esse
804 1217 928 1300 Cupido,

129 1303 189 1364 sive
211 1321 242 1364 es
263 1302 404 1376 mortalis,
428 1305 478 1385 qui
501 1314 532 1366 te
552 1322 693 1384 genuere,
716 1304 802 1379 beati,

131 1397 160 1449 et
182 1388 271 1448 irater
294 1388 372 1458 lelix,
395 1399 425 1450 et
445 1391 592 1451 lortunata
616 1391 761 1470 prolecto,

130 1474 214 1554 siqua
236 1473 290 1534 tibi
312 1493 398 1535 soror
420 1485 475 1546 est,
497 1483 528 1535 et
548 1491 625 1553 quae
646 1475 726 1535 dedit
746 1475 846 1547 ubera,
870 1472 991 1535 nutrix?

130 1561 181 1620 sed
204 1559 293 1637 longe
315 1558 432 1620 cunctis
454 1560 604 1639 longeque
625 1557 738 1619 beatior
758 1561 817 1633 illa,

130 1643 214 1724 siqua
237 1643 290 1704 tibi
313 1661 422 1723 sponsa
447 1652 501 1715 est,
523 1644 638 1721 siquam
660 1643 818 1720 dignabere
840 1644 931 1705 taeda.

132 1730 204 1790 baec
226 1728 278 1788 tibi
301 1728 361 1787 sive
383 1726 479 1806 aliqua
504 1735 557 1796 est,
580 1743 644 1786 mea
667 1727 705 1786 sit
726 1729 829 1789 furtiva
852 1728 995 1808 voluptas,

130 1830 183 1872 seu
207 1812 287 1872 nulla
310 1820 364 1881 est,
387 1828 442 1889 ego
466 1810 532 1882 sim,
555 1811 773 1890 thalamumque
793 1814 927 1873 ineamus
948 1812 1105 1873 eundem.“

131 1898 194 1958 nais
216 1895 321 1966 abhis
343 1895 444 1955 tactdt.
488 1894 573 1974 pueri
596 1895 689 1955 rubor
711 1914 760 1956 ora
783 1897 906 1958 notavit:

132 1981 226 2041 nescit
247 1981 336 2052 enim,
359 1979 429 2058 quid
452 1997 550 2041 amor:
573 1980 624 2040 scd
648 1990 674 2040 et
698 1980 850 2042 erubuisse
872 1979 1001 2041 decebat.

130 2066 180 2127 bic
202 2065 285 2126 color
307 2065 407 2144 aprica
428 2064 629 2144 pendentibus
650 2065 754 2127 arbore
775 2067 870 2146 pomis

131 2161 182 2211 aut
203 2151 285 2211 ebori
307 2154 400 2210 tincto
424 2160 477 2221 est,
500 2161 551 2210 aut
573 2150 628 2211 sub
651 2152 778 2211 candore
799 2150 926 2222 rubenti,

131 2254 199 2297 cum
222 2238 328 2297 frustra
353 2245 493 2296 resonant
514 2253 580 2295 aera
603 2235 761 2308 auxiliaria,
784 2235 879 2297 lunae.

132 2322 267 2400 poscenti
292 2321 438 2400 nymphae
459 2320 524 2380 sine
545 2320 605 2380 line
628 2321 739 2380 sororia
762 2319 862 2381 saltem

132 2405 231 2466 oscula
255 2405 372 2485 iamque
394 2422 499 2465 manus
520 2406 556 2464 ad
580 2405 709 2466 eburnea
732 2406 805 2466 colla
828 2406 933 2466 lerenti

133 2490 263 2565 „desinis
284 2509 321 2550 an
345 2490 426 2569 logio
449 2493 628 2569 tecumque“
651 2491 692 2551 ait
714 2493 786 2566 „ista
808 2487 985 2569 relinquo?“

133 2575 273 2636 Salmacis
296 2575 430 2636 extimuit
453 2574 557 2649 „loca“
582 2592 640 2655 que
663 2578 755 2650 „haec
776 2575 829 2635 tibi
852 2576 940 2636 libera
962 2576 1055 2646 trado,

132 2662 260 2740 hospes“
285 2660 326 2721 ait
348 2659 526 2738 simulatque
548 2661 641 2738 gradu
663 2660 813 2721 discedere
834 2679 927 2733 verso,

131 2755 194 2806 tum
217 2763 335 2825 quoque
358 2744 528 2824 respiciens,
551 2744 750 2825 fruticumque
774 2746 923 2806 recondita
945 2745 1015 2806 silva

132 2831 247 2891 delituit
269 2831 405 2909 llexuque
427 2847 506 2907 genu
527 2828 674 2890 submisit.
717 2839 747 2890 at
767 2830 825 2904 ille,

132 2913 245 2976 scilicet
266 2923 301 2975 ut
322 2914 420 2975 vacuis
443 2924 472 2974 et
493 2914 697 2976 inobservatus
718 2916 748 2976 in
772 2914 881 2987 herbis,

134 3002 193 3062 huc
215 3000 238 3060 it
258 3009 288 3060 et
309 2999 381 3059 hinc
402 2998 482 3072 illuc,
504 3009 532 3059 et
555 3000 585 3059 in
607 3000 813 3062 adludentibus
835 3000 922 3061 undis

133 3135 338 3145 —--——-—=

202 3221 351 3271 dlbsuose
386 3211 508 3283 proluit).
555 3218 600 3269 311
617 3217 804 3285 cythaeriacoli
834 3217 1011 3286 chyteriacoe
1039 3212 1205 3268 citharaicol

131 3357 181 3407 att
200 3370 250 3406 non
270 3361 323 3404 t·e
369 3355 418 3404 319
437 3348 545 3416 lingitl
595 3354 645 3406 320
664 3312 935 3421 pneril‘lidignissimZe
955 3351 980 3403 bl
1017 3367 1094 3419 puero
1113 3349 1205 3416 dig·l3

132 3509 183 3560 333
197 3503 321 3559 iraterl²
337 3510 356 3558 ι’.
366 3524 389 3558 r.
424 3504 539 3559 materh
573 3505 695 3573 {blaesi
713 3503 852 3568 (dimili
887 3435 1047 3573 {remmia
1084 3503 1208 3559 illaestc

1102 3588 1131 3640 ·l·
1140 3591 1173 3642 sit

133 3657 366 3727 ³28seu1sedll
400 3659 553 3724 (inmergs
569 3656 581 3710 l
598 3672 627 3710 se
644 3655 656 3709 l
672 3663 729 3722 seul
773 3660 823 3711 330
842 3657 909 3709 enim
926 3673 1008 3709 cona
1044 3658 1111 3709 enim
1129 3660 1162 3726 qd
1181 3656 1207 3709 hl

132 3726 294 3794 nescitquid
312 3728 346 3778 sit
364 3722 469 3777 amori
514 3732 540 3779 et
558 3722 644 3778 our.)¹
690 3729 739 3780 336
755 3725 828 3778 sicli
873 3729 915 3789 an]
933 3731 1009 3781 autc
1060 3729 1109 3779 ³40
1129 3727 1208 3779 hexo-

133 3797 223 3862 queA
277 3793 431 3862 llexaqueli
497 3810 545 3846 em.
564 3795 752 3846 brachmanum
819 3797 867 3847 att
893 3801 921 3846 ut
943 3809 1005 3860 puer
1028 3799 1055 3844 ut
1073 3791 1207 3847 uacuus),

132 3862 246 3915 uscuitlls
263 3861 288 3912 hl
342 3877 469 3914 vacuuse
