2692 4230
97 117 159 180 204
555 122 711 179 matut

97 296 229 377 pondera
250 297 411 381 despicitur
430 314 488 359 nec
509 312 569 375 qno
591 294 676 374 prius
697 295 803 359 ordine
823 287 945 378 regnat?

96 381 171 445 dicta
192 382 269 446 loris
290 401 407 445 morere
427 381 510 447 deos,
532 394 588 438 neo
609 376 738 441 sustinet
759 381 847 457 ullus,

97 483 163 528 eum
184 469 280 531 rideat
300 468 393 529 teseos
414 462 656 524 Rhadamanthon
679 470 710 523 et
730 466 847 528 Aeacon
868 466 957 531 aunis

97 561 127 612 et
146 552 254 628 llinoa,
276 550 369 632 queri.
404 545 473 643 poi,
495 545 566 607 dum
587 546 645 608 luit
666 547 781 627 integer
800 552 874 623 aeri,

97 644 240 700 terruerat
261 650 381 711 magnas
402 646 468 710 rpeo
491 648 611 712 qnoque
634 632 754 694 nomine
775 644 889 711 gentes.

96 728 168 783 tunc
190 730 253 783 erat
272 715 416 780 invalidus
437 711 662 797 [telonidenque
686 716 822 779 iuventae

96 805 204 867 robore
225 803 357 865 lliletum
378 797 561 881 Phoeboque
582 811 707 883 parente
728 801 890 883 superbum

97 888 256 971 pertimuit,
279 884 463 962 credensque
484 885 545 946 suis
567 886 722 968 insurgere
743 885 853 966 regnis,

97 974 175 1036 haud
197 981 295 1033 tamen
318 976 362 1030 est
381 967 486 1048 patriis
506 987 608 1034 arcere
629 970 787 1054 penatibus
807 989 907 1033 ausus.

185 1055 299 1136 Sponte
321 1052 409 1131 iugis,
431 1052 540 1130 llilete,
559 1063 610 1118 tua
632 1056 782 1138 celerique
803 1054 903 1118 carina

97 1144 225 1218 Aegaeas
246 1137 358 1200 metiris
378 1154 470 1218 aquas
491 1140 572 1202 etin
595 1142 684 1205 Aside
705 1152 784 1205 terra

97 1223 213 1285 moenia
235 1221 390 1285 constituis
411 1221 551 1304 positoris
571 1226 708 1290 habentia
731 1244 851 1289 nomen.

96 1307 145 1370 hic
166 1306 229 1381 tihi,
252 1307 323 1370 dum
345 1308 479 1388 sequitur
498 1310 610 1391 patriae
630 1312 800 1375 curvamina
822 1311 914 1393 ripae,

96 1392 154 1453 tilia
177 1392 325 1455 Maeandri
347 1393 458 1456 totiens
477 1395 629 1458 redeuntis
650 1397 755 1458 eodem

96 1478 213 1556 cognita
235 1476 360 1559 Cyanee,
381 1478 542 1558 praestanti
562 1497 689 1560 corpora
711 1481 815 1556 torma,
935 1506 938 1515 ·

97 1561 216 1643 Byblida
239 1581 307 1625 eum
330 1562 442 1635 Cauno,
463 1562 579 1642 prolem
601 1572 647 1623 εει
667 1563 753 1625 enixa
774 1563 938 1641 gemellam.

97 1646 196 1728 Byblis
216 1647 248 1708 in
271 1645 405 1725 exemplo
427 1653 482 1719 est,
505 1654 539 1707 ut
559 1654 659 1708 ament
679 1664 821 1709 concessa
844 1646 968 1726 puellae.

98 1731 197 1811 Byblis
218 1728 366 1811 Apollinei
389 1735 527 1811 correpta
545 1729 687 1812 cupidine
709 1732 807 1794 tratris

98 1834 157 1877 non
179 1833 265 1876 soror
287 1823 319 1875 ut
340 1813 470 1888 tratrem,
494 1833 549 1876 nec
570 1833 628 1896 qua
650 1815 784 1891 debebat,
807 1814 932 1878 amabat.

97 1899 147 1961 illa
168 1899 286 1979 quidem
308 1897 404 1980 primo
427 1897 525 1961 nullos
546 1899 693 1980 intellegit
713 1901 798 1981 ignes

98 2002 153 2045 nec
175 2001 297 2064 peccare
319 1992 415 2063 putat,
437 1984 516 2063 quod
539 1986 657 2066 saepius
679 1984 780 2047 oscula
801 1984 913 2063 iungat,

99 2068 177 2147 quod
200 2087 253 2131 sua
275 2068 404 2129 fraterno
426 2068 589 2129 circumdet
609 2068 747 2131 bracchia
769 2069 856 2143 collo,

98 2152 290 2233 mendacique
311 2151 362 2213 diu
383 2151 501 2233 pietatis
522 2152 632 2215 lallitur
657 2153 770 2216 umbra.

100 2237 238 2318 paulatim
262 2235 387 2298 declinat
408 2255 501 2310 amor,
524 2238 680 2319 visuraque
703 2239 822 2300 fratrem

100 2322 177 2383 culta
198 2321 280 2383 venit
301 2320 486 2402 nimiumque
508 2322 591 2403 eupit
613 2323 743 2385 formosa
765 2322 856 2384 videri

98 2416 127 2469 et
149 2406 232 2487 siqua
255 2415 299 2467 est
320 2405 381 2467 illic
402 2407 570 2480 formosior,
593 2406 704 2470 inridet
725 2407 778 2470 illi.

99 2491 150 2552 sed
173 2492 306 2554 nondum
329 2491 481 2553 manifesta
504 2491 559 2553 sibi
582 2503 628 2554 est
650 2492 825 2573 nullumque
846 2491 901 2554 sub
924 2490 974 2552 illo

97 2577 165 2655 igne
188 2576 257 2637 lacit
278 2583 394 2637 votum:
416 2585 616 2638 verumtamen
639 2587 754 2639 aestuat
774 2578 864 2638 intus.

97 2660 154 2723 iam
177 2660 330 2722 dominum
352 2660 489 2741 appellat,
511 2661 567 2722 iam
590 2662 712 2725 nomina
733 2660 887 2742 sanguinis
908 2661 982 2735 odit,

98 2744 216 2825 Byblida
239 2745 297 2806 iam
320 2745 431 2806 mavult
453 2763 541 2825 quam
562 2763 595 2806 se
616 2756 700 2808 vocet
723 2747 772 2808 ille
793 2762 937 2808 sororem.

98 2848 165 2911 spes
186 2839 285 2892 tamen
308 2829 451 2891 obscenas
472 2829 571 2891 animo
594 2831 749 2894 demittere
771 2849 833 2893 non
856 2841 900 2892 est

96 2933 166 2977 ausa
187 2933 242 2976 suo
264 2913 404 2993 vigilans:
426 2913 539 2995 placida
561 2916 691 2978 resoluta
714 2916 813 2996 quiete

98 3017 184 3079 saepe
206 2998 293 3071 ridet,
319 2998 398 3079 quod
420 3006 514 3074 amat;
536 2999 665 3072 risa.est
686 3018 806 3081 quoque
827 3001 950 3077 iungere
973 2998 1053 3060 tratri

98 3102 208 3164 corpus
229 3093 260 3145 et
281 3084 408 3159 erubuit,
431 3084 564 3163 quamtis
585 3086 682 3166 sopita
704 3085 826 3147 iacebat.

98 3186 220 3230 somnus
241 3167 318 3231 abit:
341 3167 408 3230 silet
429 3167 478 3229 illa
500 3168 551 3229 diu
572 3170 740 3250 repetitque
762 3169 869 3251 quietis

98 3252 161 3334 ipsa
182 3271 253 3316 suae
274 3253 402 3335 speeiem
424 3251 574 3333 dubiaque
595 3253 634 3315 ita
656 3265 758 3317 mente
779 3254 929 3335 protatur:

94 3331 156 3399 ‘me
177 3338 329 3400 miserant
352 3337 458 3400 tacitae
480 3337 550 3417 quid
573 3338 636 3399 rult
658 3339 714 3400 sibi
738 3339 835 3400 noctis
857 3332 976 3417 imago?
1127 3344 1172 3394 tto

163 3491 211 3541 lli
232 3484 369 3540 videanti
420 3486 604 3540 lladamantum
621 3485 648 3539 ll
699 3491 752 3542 tte
769 3487 956 3555 deiouidaeque
974 3483 1000 3537 tt
1061 3487 1113 3537 too
1130 3483 1172 3536 lrie

98 3619 175 3708 abii
260 3626 310 3676 453
334 3579 391 3676 elne
409 3623 550 3692 prestanti!
567 3638 674 3690 corpora
692 3622 773 3676 torma
791 3622 835 3675 Μ*
905 3622 977 3674 dane
998 3637 1036 3689 pr.
1054 3634 1172 3688 eorporoe

97 3689 194 3811 lim:
216 3758 257 3811 tt·
331 3775 474 3827 corporee
545 3689 674 3811 ιίιίειῐὲἓε
758 3762 809 3811 tot
834 3774 885 3826 qna
910 3774 980 3809 corr.
1008 3772 1043 3808 ee
1069 3771 1122 3823 qno
1145 3753 1171 3806 ll

97 3826 196 3879 amabat
214 3826 239 3878 lll
308 3831 358 3880 tou
382 3823 497 3893 iungitl
566 3829 617 3880 tot
640 3826 685 3878 illa
707 3829 732 3891 (a
752 3829 770 3876 i.
787 3843 819 3892 r.,
845 3830 873 3877 tn
892 3842 946 3893 pua
964 3840 1028 3877 num
1044 3823 1131 3886 suerit
1147 3824 1172 3874 ic
1220 3834 1225 3844 ·

95 3911 192 3961 parum
209 3894 365 3959 consutili
418 3895 485 3946 illia
540 3897 590 3948 tot
608 3894 737 3946 dimittere
754 3892 780 3946 tt
