2692 4230
187 126 310 165 amount.
341 129 415 165 ,ιιοιιε
635 111 676 175 vt,
693 114 819 165 st-ttt.

188 282 291 346 ultima
314 304 384 366 pars
407 284 491 353 telae
515 280 598 341 tenui
621 281 797 346 circumdata
819 282 920 357 limbo,

188 369 337 431 nexilibus
360 371 449 431 flores
471 365 589 427 hederis
611 367 699 430 habet
719 370 901 432 intertextos.

188 473 250 515 nou
274 455 346 516 illud
370 451 475 523 Pallas,
499 468 560 510 non
583 451 656 514 illud
678 471 798 534 carpere
820 454 908 515 Livor

187 541 282 620 possit
304 555 392 619 opus.
436 533 531 595 doluit
552 555 691 600 successu
714 539 785 600 llara
807 539 905 617 virago

188 632 218 685 et
239 623 323 704 rupit
346 621 450 701 pictas,
473 618 610 684 caelestia
632 622 764 697 crimina,
787 633 890 685 vestes.

186 720 280 789 utque
302 704 457 785 Cytoriaco
480 705 594 768 radium
616 708 652 769 de
674 717 774 768 monte
796 707 941 782 tenebat,-

187 803 232 854 ter
253 800 360 871 quater
382 788 533 851 Idmoniae
555 793 682 853 frontem
704 792 849 871 percussit
869 793 1027 855 Arachnes.

187 894 249 937 non
272 873 341 934 tulit
363 873 464 936 infelix
487 874 653 956 laqueoque
674 875 805 936 animosa
827 875 925 954 ligarit

186 969 316 1039 guttura.
383 959 541 1023 audentem
562 960 657 1022 Pallas
679 960 812 1022 miserata
834 960 937 1024 levarit

182 1053 275 1146 atque
298 1043 338 1105 ita
371 1045 433 1106 vive
455 1046 585 1127 quidem
607 1044 704 1140 pende
725 1054 835 1116 tamen,
856 1041 997 1125 improba'
1019 1047 1107 1111 dixit:

182 1121 303 1208 ‘lexque
326 1132 428 1192 eadem
451 1149 575 1226 poenae,
598 1148 637 1190 ne
658 1129 698 1191 sis
720 1148 821 1192 secura
843 1131 944 1204 loturi,

186 1212 264 1274 diota
288 1225 340 1276 tuo
364 1215 465 1295 generi
489 1214 622 1309 serisque
640 1215 804 1295 nepotibus
826 1215 907 1277 esto?

186 1309 256 1380 post
277 1318 313 1361 ea
335 1300 491 1362 discedens
512 1297 592 1359 sucis
613 1298 786 1362 Hecateldos
806 1299 914 1362 herbae

186 1384 309 1465 sparsit;
334 1395 363 1446 et
385 1383 533 1463 externplo
557 1383 633 1445 tristi
656 1385 848 1446 medicamine
870 1395 962 1448 tactae

185 1468 335 1530 defluxere
357 1486 469 1540 comae,
493 1486 561 1528 cum
584 1469 651 1550 quis
673 1480 703 1530 et
725 1469 804 1531 naris
825 1480 855 1530 ct
875 1489 971 1544 aures,

184 1554 279 1634 litque
301 1563 392 1633 caput
413 1552 580 1629 minimum,
604 1564 666 1615 toto
688 1571 807 1635 quoque
828 1573 953 1636 corpore
975 1573 1062 1636 parra
1085 1565 1145 1617 est:

184 1637 216 1699 in
239 1637 332 1698 latere
354 1637 445 1698 exiles
467 1637 553 1717 digiti
575 1658 630 1720 pro
653 1638 788 1701 cruribus
811 1641 943 1709 haerent,

185 1733 282 1784 cetera
306 1732 408 1784 venter
430 1722 535 1784 habet:
558 1725 595 1785 de
617 1741 677 1804 quo
700 1735 798 1785 tamen
821 1723 869 1786 illa
890 1724 1011 1787 remittit
1043 1731 1058 1749 ‘⁹

184 1816 300 1868 stamen
324 1817 352 1868 et
375 1806 513 1887 antiquas
535 1819 651 1869 exercet
673 1827 777 1870 aranea
801 1810 882 1870 telas.

270 1891 361 1972 Lydia
385 1901 446 1953 tota
468 1892 576 1966 fremit,
599 1892 800 1975 Phrygiaeque
821 1913 875 1975 per
896 1892 1005 1975 oppida
1028 1893 1097 1956 lacti

184 1995 288 2038 rumor
311 1977 334 2038 it
357 1987 386 2038 et
408 1995 548 2056 magnum
571 1978 757 2040 sermonibus
779 1989 906 2060 occupat
926 1979 1038 2041 orbem.

183 2072 252 2123 ante
273 2081 345 2123 suos
371 2062 465 2123 Niobe
487 2062 631 2124 thalamos
652 2074 828 2143 cognoverat
850 2065 939 2138 illam,

183 2156 247 2208 tum
270 2164 338 2208 cum
362 2146 526 2208 Maeoniam
550 2147 630 2227 virgo
654 2147 845 2229 Sipylumque
868 2147 998 2224 colebat;

185 2250 241 2292 nec
264 2243 362 2293 tamen
386 2232 534 2293 admonita
557 2243 601 2293 est
622 2250 717 2313 poena
739 2233 890 2314 popularis
911 2235 1062 2296 Arachnes

184 2317 289 2378 cedere
311 2316 465 2378 caelitibus
487 2316 642 2397 verbisque
664 2317 828 2379 minorihus
848 2319 901 2380 uti.

183 2400 276 2462 multa
299 2402 408 2463 dabant
429 2403 560 2463 animos:
583 2402 635 2463 sed
658 2403 737 2464 enim
759 2421 814 2463 nec
835 2403 972 2482 coniugis
992 2412 1069 2464 artes

184 2505 240 2549 nec
261 2505 359 2566 genus
380 2486 535 2548 amborum
557 2488 716 2568 magnique
738 2486 867 2567 potentia
889 2488 973 2566 regni

184 2573 227 2633 sic
250 2571 389 2652 placuere
411 2572 464 2645 illi,
487 2572 620 2652 quamtis
641 2591 674 2633 ea
697 2582 802 2634 cuncta
824 2571 983 2652 placerent,

184 2667 217 2718 ut
239 2676 292 2718 sua
315 2657 484 2738 progenies.
530 2667 559 2717 et
582 2656 749 2718 felicissima
771 2665 895 2718 matrum

121 2742 124 2748 ’
183 2742 260 2803 dicta
284 2743 362 2803 loret
384 2741 487 2813 Niobe,
510 2742 533 2801 si
558 2760 617 2802 nou
640 2741 697 2803 sihi
717 2742 776 2803 visa
798 2742 911 2804 luisset.

184 2845 252 2888 nam
275 2837 337 2888 sata
360 2826 471 2887 Tiresia
493 2827 611 2887 venturi
633 2828 762 2923 praescia
785 2827 883 2888 blanto

184 2930 238 2992 per
261 2912 374 2972 medias
396 2912 500 2984 luerat,
523 2911 622 2972 divino
646 2912 760 2973 concita
782 2922 874 2984 motu,

184 2996 338 3058 vaticinata
363 2997 436 3058 vias:
456 2991 643 3070 ‘ismenides
666 2998 705 3058 ite
727 2998 896 3078 frequentes

255 3166 301 3216 121
322 3163 374 3215 libo
393 3163 417 3214 hl
437 3165 575 3248 (lincolqm
593 3165 683 3216 addid.
701 3181 734 3216 m.
751 3165 780 3229 2)
851 3167 899 3217 128
916 3157 1111 3215 intermixtosd
1152 3090 1259 3212 111113ξὲ-

184 3304 302 3352 tortose
364 3303 411 3350 130
430 3230 595 3351 suoodsssdse
646 3301 722 3364 tlara]
740 3316 799 3352 rara
819 3303 887 3351 coni.
905 3297 1017 3363 Bentley
1090 3299 1133 3349 131
1160 3293 1259 3348 telasl

494 3382 539 3434 he
942 3380 1105 3448 lhtdrnonic

183 3458 306 3504 vestese
379 3454 426 3504 132
446 3449 619 3519 cytoriacobl
672 3447 842 3502 cithariacod
905 3453 952 3502 133
1005 3463 1144 3516 ειιιοιιγςε
1200 3451 1257 3501 136.

187 3586 274 3640 rasit
348 3589 395 3639 ¹3¹1
416 3585 536 3653 pouehl¹
608 3533 674 3655 pdnr
697 3585 736 3637 hl
807 3589 851 3638 141
876 3584 987 3637 naresll
1057 3581 1165 3635 narishl
1187 3599 1258 3634 corr.

183 3654 256 3775 dnhdss
269 3741 283 3773 s
345 3725 442 3785 [aurem
461 3717 476 3770 l
494 3727 558 3772 teste
575 3721 672 3784 diiecto]
744 3723 790 3773 142
815 3727 854 3773 est
874 3717 958 3771 ormi
1030 3722 1076 3772 145
1096 3715 1260 3771 arachueal

187 3860 234 3910 149
254 3864 348 3914 tunes
375 3788 534 3909 “ceoleebdhe
590 3860 636 3910 154
654 3858 693 3921 et]
712 3855 804 3908 bacca
857 3858 904 3909 158
923 3856 1022 3908 concita
1039 3858 1064 3921 (u
1083 3852 1260 3919 t'.r.oxo)hl
