2692 4230
142 125 183 189 88
592 131 744 186 ΜΕΤΑΜΜ.
913 147 1012 185 mouns
1030 148 1063 185 er
1080 149 1208 187 uuuuorrrr

139 302 274 385 vipereos
295 305 386 386 sparsi
407 325 461 388 per
480 307 614 374 humum,
637 318 711 361 nora
733 301 853 380 semine,
875 300 1002 366 dentes?
1095 376 1098 381 p

141 408 228 471 quem
250 391 275 452 si
297 408 365 452 cuna
387 390 473 452 deum
495 397 553 448 tam
576 392 654 445 certa
674 383 802 447 vindicat
822 386 875 463 ira,
957 430 959 435 -

139 473 204 556 ipse
225 493 331 556 precor
350 490 473 555 serpens
494 472 524 531 in
548 468 666 546 longam
688 468 824 548 porrigar
844 470 959 536 ulrum?
1165 483 1208 533 ott

140 559 221 634 dixit,
243 568 273 620 et
294 569 325 620 ut
346 572 468 638 serpens
489 554 519 615 in
542 551 659 630 longam
681 551 814 614 tenditur
834 554 930 620 alvum

140 643 317 725 durataeque
339 641 397 704 cuti
420 655 554 720 squamas
575 637 741 701 increscere
761 638 851 700 sentit

139 729 282 809 nigraque
304 722 443 789 caeruleis
462 721 565 784 variari
587 740 710 804 corpora
733 722 834 801 guttis.

139 811 170 874 in
193 822 355 894 pectusque
375 807 452 870 cadit
473 824 596 887 pronus,
619 806 832 885 commissaque
853 807 884 867 in
908 826 1000 871 unum
1072 874 1077 883 ,

139 897 277 976 paulatim
300 892 385 955 tereti
406 900 565 953 tenuantur
585 893 721 954 acumine
743 908 838 953 crura.
1162 902 1206 956 mo

138 979 272 1042 bracchia
295 978 351 1038 iam
373 984 500 1037 restant:
524 995 598 1056 quae
619 986 732 1039 restent
752 975 889 1038 bracchia
910 978 1004 1040 tendit

139 1072 168 1126 et
189 1061 317 1125 lacrimis
337 1078 392 1142 per
413 1060 508 1123 adhuc
529 1063 655 1124 humana
678 1058 838 1124 liuentibus
859 1078 911 1122 ora

134 1141 264 1218 ‘accede
286 1164 303 1206 o
325 1145 464 1220 coniunx,
486 1148 602 1222 accede,
623 1141 807 1223 miserrima',
829 1145 901 1208 dixit

134 1227 277 1310 ‘dumque
298 1229 407 1311 aliquid
428 1243 562 1312 superest
583 1233 620 1294 de
641 1251 699 1309 me,
719 1251 768 1295 me
789 1240 877 1312 tange
899 1248 1079 1312 manumque

137 1315 248 1395 accipe,
270 1315 338 1376 dum
360 1334 465 1378 manus
486 1327 540 1392 est,
561 1317 630 1378 dum
654 1335 714 1378 non
736 1326 833 1380 totum
854 1325 980 1396 occupat
1001 1309 1127 1396 anguis.³
1161 1325 1205 1378 505

137 1397 187 1460 ille
209 1397 325 1480 quidem
347 1399 409 1463 vult
430 1401 513 1481 plura
535 1402 627 1482 loqui,
648 1402 699 1463 sed
721 1401 821 1481 lingua
842 1410 967 1483 repente

137 1483 167 1544 in
190 1493 287 1565 partes
308 1496 354 1548 est
374 1488 441 1547 fissa
462 1488 550 1548 duas:
573 1504 629 1547 nec
649 1485 737 1547 verba
757 1486 867 1548 volenti

136 1568 296 1646 sufficiunt,
319 1571 515 1651 quotiensque
536 1570 650 1649 aliquos
670 1579 752 1649 parat
775 1571 862 1631 edere
883 1581 1014 1650 questus,

136 1652 245 1716 sibilat:
268 1655 342 1717 banc
365 1653 406 1715 illi
427 1672 527 1714 vocem
551 1662 653 1713 natura
675 1653 802 1731 reliquit.

135 1739 214 1800 nuda
234 1756 322 1800 manu
344 1737 452 1799 leniens
473 1735 612 1798 exclamat
634 1746 753 1816 pectora
776 1737 905 1799 coniunx
1161 1749 1205 1800 500

133 1814 263 1896 ‘Cadme
284 1840 369 1883 manc
391 1831 488 1900 teque,
510 1820 621 1895 infelix,
644 1820 689 1881 his
711 1839 785 1882 exue
805 1822 963 1884 monstris!

136 1906 252 1980 Cadme,
274 1906 342 1986 quid
365 1903 443 1968 lrucl
464 1905 515 1967 ubi
538 1924 599 1986 pes,
622 1905 672 1966 ubi
695 1913 765 1967 sunt
787 1907 940 1988 umerique
963 1924 1127 1988 manusque

136 1998 165 2051 et
186 1990 268 2051 color
289 2002 319 2053 et
340 1990 428 2051 iacies
449 1999 488 2065 et,
511 1991 579 2052 dum
603 1990 719 2070 loquor,
741 1988 862 2052 omnia?
883 2010 937 2053 cur
957 2010 1019 2053 non

135 2093 183 2136 me
204 2093 331 2155 quoque,
353 2075 500 2146 caelestes,
523 2076 552 2136 in
576 2076 696 2136 eandem
719 2075 830 2137 vertitis
852 2094 978 2155 anguem
986 2071 1010 2138 i'

135 2158 260 2221 dixerat:
284 2158 333 2220 ille
354 2179 423 2221 suae
445 2160 590 2221 lambebat
610 2160 746 2240 coniugis
767 2179 817 2222 ora
1160 2173 1203 2224 505

133 2244 225 2325 inque
246 2244 329 2305 sinus
351 2263 444 2317 caros,
465 2245 552 2305 veluti
576 2255 776 2324 cognosceret,
798 2244 859 2306 ibat

135 2336 164 2389 et
185 2328 270 2390 dabat
291 2328 440 2408 amplexus
460 2331 637 2410 adsuetaque
658 2330 733 2392 colla
754 2330 880 2411 petebat.

134 2413 269 2494 quisquis
289 2413 370 2476 adest
392 2415 523 2487 (aderant
544 2415 679 2492 comites)
701 2425 846 2477 terretur:
868 2425 898 2476 at
918 2414 967 2478 illa

135 2497 247 2560 lubrica
271 2498 431 2578 permulcet
452 2499 562 2561 cristati
585 2499 658 2561 colla
680 2500 825 2561 draconis

134 2592 164 2644 et
186 2582 284 2644 subito
306 2583 364 2644 duo
386 2594 456 2644 sunt
475 2584 635 2665 iunctoque
656 2583 805 2646 volumine
825 2593 961 2665 serpunt,
1158 2598 1202 2648 000

133 2669 229 2729 donec
249 2667 280 2729 in
302 2668 428 2749 appositi
451 2671 579 2730 nemoris
600 2669 716 2730 subiere
737 2668 871 2732 latebras.

133 2771 215 2815 nunc
237 2771 354 2833 quoque
377 2771 432 2814 nec
454 2753 571 2833 lugiunt
592 2754 743 2815 bominem
766 2773 821 2816 nec
841 2755 962 2816 vulnere
984 2753 1115 2830 laedunt,

133 2837 263 2918 quidque
285 2837 366 2919 prius
387 2838 505 2909 luerint,
528 2838 632 2919 placidi
654 2839 816 2900 meminere
837 2840 989 2902 dracones.

218 2920 274 2982 Sed
296 2931 393 2984 tamen
415 2923 558 2984 ambobus
578 2942 678 2985 rersae
699 2924 824 2985 solaciae
845 2925 956 2985 formae

132 3023 237 3086 magna
260 3024 352 3087 nepos
373 3006 500 3081 dederat,
520 3027 606 3088 quem
629 3008 770 3071 debellata
792 3008 907 3071 colebat
1158 3022 1201 3072 605

131 3089 224 3165 ludia,
246 3109 332 3171 quem
355 3091 459 3172 positis
480 3092 645 3154 celebrabat
665 3096 773 3156 Achata
794 3092 921 3174 templis.

131 3174 213 3236 solus
234 3175 410 3238 Abantiades
430 3176 466 3238 ab
488 3177 601 3257 origine
622 3190 720 3240 cretus
741 3179 840 3240 eadem

132 3258 264 3321 Acrisius
284 3269 427 3342 superest,
450 3262 499 3343 qui
521 3263 677 3324 moenibus
698 3273 794 3325 arceat
816 3262 899 3325 urbis

133 3343 286 3425 Argolicae
307 3355 467 3427 contraque
488 3347 573 3408 deum
597 3349 669 3410 ierat
690 3368 768 3411 arma
790 3366 943 3430 genusque

200 3499 248 3549 575
262 3493 361 3548 cntisli
404 3495 652 3577 iidcdmixlaquec
694 3501 744 3552 580
756 3497 934 3568 acwnminell
978 3501 1029 3554 584
1040 3499 1199 3568 manuqueB

132 3631 181 3682 585
199 3627 291 3683 accede
307 3628 333 3682 bl
385 3561 565 3712 iiilovqorllbll
582 3631 608 3685 Μ
652 3632 800 3701 loquentic
851 3637 900 3689 595
919 3650 964 3688 sua
982 3633 1199 3702 clambebatbl1,

131 3779 200 3818 corr.
217 3768 284 3820 m.i
336 3697 403 3819 tut}
419 3698 504 3820 llllse
563 3772 613 3822 593
626 3701 801 3837 blr‘nlbllcble
861 3772 911 3824 000
929 3768 999 3823 duos'
1014 3769 1155 3838 iunctoque
1173 3769 1199 3821 ll

123 3835 279 3953 gdemsl}
293 3832 329 3900 (nl
345 3836 403 3886 etue
419 3838 526 3901 rasura)
578 3837 660 3890 luerat
677 3838 765 3891 Helm.
822 3840 871 3892 000
889 3833 1063 3891 celebraritl
1115 3840 1197 3891 (idda

184 3917 195 3951 r
