2692 4230
137 171 229 213 annm.
258 175 352 214 555550
560 157 625 225 xlv,
643 160 788 213 555-505.

139 349 194 393 nec
216 342 367 414 sceptrum
388 329 494 403 soceri,
517 348 572 392 nec
594 339 633 404 te,
654 329 773 393 Lavinia
794 329 886 410 virgo,

90 414 110 436 ''
137 416 189 478 sed
210 417 316 479 vicisse
336 421 443 496 petunt
464 414 692 498 deponendique
714 418 828 499 pudore

137 499 214 562 bella
236 508 353 580 gerunt.
396 498 575 582 tandemque
595 501 695 564 Venus
716 501 845 564 victricia
867 498 928 562 nati

137 603 217 647 arma
239 585 326 657 videt,
348 583 527 666 Turnusque
548 585 641 648 cadit:
665 587 741 648 cadit
762 586 867 660 Ardea,
889 585 990 646 Turno

137 670 249 750 sospite
269 668 348 728 dicta
368 681 487 748 potens.
532 688 620 751 quam
642 679 799 750 postquam
820 669 972 733 Dardanus
993 669 1070 751 ignis

136 752 257 814 abstulit
279 761 307 812 et
329 754 427 833 tepida
449 756 600 816 latuerunt
622 763 698 814 tecta
720 752 825 826 favilla,
1164 766 1207 818 575

136 835 276 915 congerie
298 855 315 898 e
336 839 432 901 media
455 848 519 901 tum
541 838 669 918 primum
691 836 811 915 cognita
832 855 956 919 praepes

136 919 271 982 subvolat
292 931 321 984 et
342 923 458 985 cineres
479 921 590 1003 plausis
611 920 760 983 everberat
782 918 845 982 alis.

136 1013 166 1066 ct
188 1023 281 1068 sunus
302 1016 332 1069 et
353 1007 463 1069 macies
484 1015 514 1068 et
534 1005 630 1086 pallor
651 1004 810 1079 alumnia,
833 1013 947 1086 captam

136 1108 211 1170 quae
233 1091 358 1153 deceant
378 1091 493 1166 urbem,
516 1108 624 1152 numen
648 1109 767 1171 quoque
788 1089 898 1152 mansit
918 1090 948 1152 in
970 1091 1020 1153 illa

135 1174 235 1249 urbis;
259 1175 373 1257 etipsa
395 1174 456 1237 suis
478 1175 668 1258 deplangitur
688 1177 784 1238 Ardea
804 1175 921 1258 pennis.
1162 1187 1205 1240 550

220 1260 341 1339 lamque
362 1260 433 1322 deos
456 1279 559 1323 omnes
580 1261 734 1342 ipsamque
755 1263 866 1324 Aeneia
886 1260 979 1322 virtus

134 1343 281 1405 lunonem
303 1353 416 1407 veteres
438 1347 524 1407 linire
545 1355 680 1425 coegerat
703 1346 773 1418 iras,

135 1445 213 1499 cum,
236 1427 312 1491 bene
334 1430 464 1494 fundatis
487 1428 594 1510 opibus
616 1429 776 1491 crescentis
798 1427 864 1504 luli,

134 1513 326 1594 tempestiuus
348 1523 410 1576 erat
432 1512 512 1575 caelo
534 1512 706 1593 Cythereius
727 1516 825 1577 beros.

134 1597 335 1678 ambieratque
356 1598 456 1661 Venus
477 1616 603 1679 superos
625 1598 762 1680 colloque
783 1597 914 1680 parentis

134 1682 312 1744 circumfusa
333 1682 380 1744 sui
398 1677 574 1764 ‘numquam
595 1679 683 1745 mibi’
706 1684 819 1746 dixerat
836 1675 911 1745 ‘ullo

134 1777 268 1847 tempore
290 1768 363 1829 dure
384 1778 477 1849 pater,
500 1787 581 1830 nunc
603 1768 643 1830 sis
665 1768 848 1844 mitissimus,
869 1776 950 1848 opto,

134 1851 310 1931 Aeneaeque
330 1870 408 1928 meo,
430 1853 482 1934 qui
504 1862 533 1915 te
555 1854 592 1915 de
613 1853 758 1932 sanguine
781 1861 882 1914 nostro

134 1935 204 1997 iecit
225 1955 322 2010 avum,
345 1938 476 2018 quamvis
498 1956 621 2019 parrum
643 1936 704 2012 des,
727 1937 856 2019 optimc·
870 1954 991 2011 numen,

132 2020 293 2084 dummodo
316 2022 367 2083 des
389 2022 518 2103 aliquod.
562 2023 631 2084 satis
652 2032 698 2084 est
718 2020 874 2084 inamabile
897 2039 1023 2102 regnum
1160 2030 1204 2082 590

133 2106 304 2186 adspexisse
326 2106 426 2181 semel,
449 2107 567 2187 Stygius
589 2107 681 2169 semel
702 2107 760 2169 isse
780 2126 836 2188 per
855 2101 976 2170 amnes?

134 2191 290 2252 adsensere
312 2191 367 2263 dei,
391 2210 447 2254 nec
469 2192 599 2253 coniunx
620 2191 701 2271 regia
722 2192 820 2255 rullus
903 2218 905 2223 s
955 2206 959 2214 ’

133 2275 263 2336 inmotos
286 2277 390 2349 tenuit,
409 2276 587 2383 placatoque
608 2278 710 2339 adnuit
733 2295 794 2338 cre.

131 2369 196 2421 tum
219 2368 303 2440 pater
321 2353 404 2422 ‘estis
442 2362 483 2422 ait
501 2355 633 2422 ‘caelesti
655 2380 778 2423 munere
799 2359 891 2438 digni,

133 2463 268 2525 quaeque
283 2445 368 2524 petis,
390 2463 444 2525 pro
460 2464 579 2525 quoque
601 2447 686 2526 petis.
729 2463 812 2526 cape,
836 2452 913 2517 nata,
935 2443 1015 2525 quod
1031 2434 1131 2527 optas?
1159 2453 1203 2504 595

132 2530 209 2590 latus
231 2538 302 2590 erat.
345 2530 453 2608 gaudet
474 2541 630 2610 gratesque
651 2531 712 2609 agit
733 2529 781 2591 illa
803 2527 919 2610 parenti

132 2632 245 2694 perque
268 2613 345 2674 leves
367 2632 453 2675 auras
475 2615 585 2675 iunctis
606 2615 718 2677 inrecta
740 2613 887 2676 columbis

132 2699 202 2759 litus
222 2699 283 2760 adit
304 2697 448 2774 Laurens,
469 2699 521 2760 ubi
546 2708 641 2761 tectus
662 2699 826 2760 harundine
848 2699 940 2779 serpit

132 2783 163 2844 in
187 2782 258 2844 ireta
281 2784 431 2845 flumineis
451 2785 547 2845 vicina
568 2784 722 2845 Numicius
743 2783 840 2845 undis.

132 2867 213 2928 bunc
227 2867 310 2929 iubet
332 2871 458 2942 Aeneae,
480 2887 684 2951 quaecumque
705 2868 833 2931 obnoxia
854 2867 952 2941 morti,
1159 2875 1203 2926 000

131 2951 251 3014 abluere
273 2961 303 3013 et
324 2953 413 3014 tacito
436 2953 551 3014 delerre
573 2954 627 3015 sub
649 2972 778 3034 aequora
799 2971 898 3015 cursu.

132 3037 271 3115 corniger
293 3038 463 3118 exsequitur
487 3038 607 3100 Veneris
629 3039 764 3100 mandata
785 3038 916 3118 suisque,

131 3122 271 3202 quicquid
295 3122 325 3182 in
349 3125 447 3184 Aenea
469 3124 565 3184 luerat
585 3123 717 3194 mortale,
739 3131 880 3204 repurgat

131 3216 162 3267 et
183 3206 326 3288 respersit
347 3208 441 3287 aquis.
464 3227 532 3288 pars
554 3209 664 3290 optima
687 3208 795 3270 restitit
817 3207 869 3268 illi.

130 3288 285 3352 lustratum
308 3293 438 3370 genetrix
461 3293 559 3354 divino
574 3312 684 3374 corpus
706 3293 797 3354 odore
1158 3299 1201 3348 595

199 3444 249 3494 579
268 3445 303 3504 te]
321 3442 371 3493 iam
389 3439 415 3492 Μ
471 3446 519 3495 571
539 3441 716 3560 deponendoq:
734 3442 848 3494 dolorem
866 3438 891 3490 Μ
943 3438 1098 3507 pudoremb
1150 3440 1200 3516 572

323 3509 342 3560 G
395 3511 443 3562 579
462 3510 530 3562 cadit
547 3510 573 3573 (d
591 3509 692 3573 aaenll
754 3506 852 3576 Turno]
869 3505 979 3573 rirgolll
1030 3510 1080 3561 574
1098 3505 1201 3572 bospite

131 3509 194 3590 gen]
213 3515 306 3628 {qaum
927 3577 933 3590 .

130 3582 197 3629 meta
311 3592 386 3645 quam
409 3595 444 3628 ezr
467 3593 533 3646 quae
555 3577 595 3629 tl·
662 3577 794 3630 Dardanus
817 3575 973 3629 5555115555.
1039 3574 1201 3626 barbarusll

130 3643 206 3710 ignis]
230 3645 341 3696 ensisG
410 3648 460 3698 575
485 3646 664 3724 5505555500
732 3648 783 3699 552
808 3642 956 3696 coercuitG
1025 3645 1073 3696 553
1097 3639 1200 3695 seneli

130 3765 180 3817 559
198 3778 278 3831 parro
295 3761 321 3814 Μ
381 3765 431 3816 590
450 3729 528 3831 regni
546 3764 571 3816 Μ
632 3766 682 3817 595
702 3770 750 3818 est.
785 3764 808 3817 is
825 3763 1036 3830 ait-dignust
1094 3762 1129 3813 ait
1147 3760 1202 3827 pla·

130 3837 189 3884 cato
207 3830 346 3883 nominee
399 3831 596 3885 sublacensis
649 3836 698 3885 000
717 3831 843 3885 mortiac
904 3835 954 3885 out
971 3830 1096 3897 respergit
1113 3830 1202 3880 Helm.

130 3903 180 3953 595
198 3898 294 3951 bodore
312 3899 337 3963 (d
356 3917 391 3950 er
409 3906 435 3966 n)
453 3899 478 3951 Μ
964 3977 1023 4024 Ἃ.
