2692 4230
134 134 231 172 erosos
580 117 597 173 1.
617 118 757 170 160-232.

133 291 276 354 struxerit
296 288 416 352 insidias
438 297 525 348 notus
546 287 657 349 tertiare
680 280 826 367 Lycaoni'

134 379 340 439 contremuere
362 389 464 432 omnes
485 372 646 454 studiisque
667 369 837 434 ardentibus
857 389 962 433 ausum

133 462 201 525 talia
223 462 399 539 deposcunt
442 457 493 533 sic,
515 477 581 519 num
605 475 708 519 manus
729 456 809 537 inpia
832 457 922 519 saevit

134 545 278 624 sanguine
300 542 440 603 Caesareo
463 541 626 604 Romanum
648 541 834 621 exstinguere
856 560 976 616 nomen,

133 628 292 692 attonitum
314 635 396 687 tanto
418 626 531 689 subitae
551 636 662 689 terrore
683 625 786 687 ruinae

134 716 294 776 homanum
318 729 412 790 genus
434 724 476 774 est
497 722 637 794 totusque
659 709 828 792 perhorruit
848 708 939 770 orbis.

135 816 190 858 neo
211 795 265 857 tibi
287 806 368 875 grata
391 798 488 859 minus
509 800 612 879 pietas,
634 800 774 876 Auguste,
796 804 914 857 tuorum
943 806 997 869 est,

132 899 221 961 quam
243 880 299 942 tuit
322 881 461 943 illatori.
505 883 554 962 qui
577 890 733 961 postquam
754 899 825 942 voce
849 897 1001 960 manuque

133 984 284 1028 murmura
307 968 490 1048 compressit,
513 977 634 1026 tenuere
655 964 769 1026 silentia
792 964 901 1026 cuncti.

132 1049 261 1112 substitit
283 1061 317 1113 ut
338 1051 458 1122 clamor
479 1069 598 1130 pressos
619 1049 758 1129 gravitate
779 1050 919 1128 regentis,

129 1133 267 1236 luppiter
287 1139 345 1199 boc
367 1138 471 1198 iterum
493 1152 628 1196 sermone
649 1133 764 1196 silentia
786 1135 882 1214 rupit·

129 1212 193 1281 ‘iile
215 1221 335 1301 quidem
357 1238 478 1302 poenas
499 1237 599 1281 curam
621 1220 696 1281 hanc
717 1217 862 1293 dimittite,
884 1216 978 1279 solvit

132 1307 213 1384 quod
235 1316 333 1367 umen
355 1304 522 1376 admissum,
544 1323 618 1385 quae
640 1304 677 1366 sit
697 1302 834 1374 vindicta
856 1301 978 1364 docebo.

132 1391 297 1470 contigerat
319 1399 433 1449 nostras
454 1389 572 1451 infamia
594 1388 734 1469 temporis
755 1405 851 1449 aures

132 1493 221 1555 quam
243 1473 369 1554 cupiens
390 1474 500 1546 iaisam,
522 1491 636 1535 summo
657 1472 778 1533 delabor
799 1471 926 1553 Olympo

132 1570 161 1620 et
182 1559 255 1620 deus
278 1561 404 1621 bumana
425 1558 518 1620 lustro
540 1559 594 1620 sub
618 1557 742 1637 imagine
767 1567 868 1618 terras.

131 1641 219 1722 longa
242 1662 325 1705 mora
347 1654 401 1714 est,
423 1654 563 1723 quantum
587 1661 679 1704 noxae
699 1642 737 1703 sit
759 1641 868 1722 ubique
885 1653 1046 1723 repertum,

130 1745 321 1790 enumerare:
343 1729 441 1790 minor
464 1727 518 1789 tuit
539 1729 601 1807 ipsa
623 1727 739 1788 infamia
761 1745 840 1788 vero.

130 1812 262 1875 Maenala
284 1813 464 1885 transieram,
486 1811 604 1874 latebris
625 1811 770 1874 horrenda
792 1812 930 1887 ieramm,

131 1909 249 1959 etcum
273 1897 394 1978 Cyllene
414 1896 502 1977 gelidi
525 1898 624 1977 pineta
647 1897 759 1978 Lycaei.

131 1982 252 2045 Arcadis
273 1982 345 2044 binc
366 1982 448 2044 sedes
469 1991 499 2044 et
521 1983 669 2064 inhospita
689 1992 764 2044 tecta
793 1981 909 2061 tyranni

131 2067 291 2146 ingredior,
314 2069 464 2130 traherent
484 2086 551 2129 cum
573 2087 637 2129 sera
658 2067 833 2149 crepuscula
855 2076 984 2129 noctem.

130 2152 214 2231 signa
235 2152 302 2214 dedi
322 2153 437 2214 venisse
457 2152 555 2227 deum,
576 2152 739 2232 vulgusque
760 2151 873 2232 precari

130 2247 283 2318 coeperat:
306 2237 414 2299 inridet
434 2238 530 2318 primo
552 2238 599 2318 pia
621 2247 687 2298 rota
710 2236 842 2317 Lyca0u3

130 2340 199 2383 mox
219 2323 261 2383 ait
284 2323 447 2402 „experian
469 2322 540 2383 deus
562 2324 619 2396 hic,
641 2323 809 2384 discrimine
831 2329 945 2402 aperto,

129 2425 168 2467 an
191 2407 228 2469 sit
250 2408 392 2468 mortalis.
437 2427 491 2469 nec
513 2408 566 2468 erit
588 2407 748 2469 dubitabile
770 2408 901 2468 rerum.“

131 2501 219 2553 nocte
240 2509 357 2571 gravem
379 2510 482 2554 somno
505 2493 649 2573 necopina
671 2493 794 2573 perdere
816 2498 910 2552 morte

130 2593 178 2638 me
200 2588 297 2657 paratz
320 2578 394 2638 haec
414 2575 456 2638 illi
478 2576 572 2656 placet
594 2576 772 2657 experientia
794 2575 863 2638 veri.

131 2680 187 2723 nec
209 2669 370 2722 contentus
391 2679 426 2722 eo
448 2673 507 2723 est:
530 2661 609 2722 missi
632 2663 667 2722 de
689 2671 776 2740 geute
800 2661 925 2722 bioiossa

129 2745 242 2807 obsidis
263 2745 354 2807 unius
375 2745 505 2825 iugulum
528 2764 669 2808 mucrone
690 2746 818 2820 resolvit,

128 2842 218 2912 atque
239 2830 279 2891 ita
300 2831 463 2892 semineces
484 2831 592 2912 partim
613 2832 791 2893 ferventibus
813 2841 894 2893 artus

128 2916 224 2977 mollit
245 2915 340 2996 aquis,
363 2915 467 2995 partim
489 2916 621 2977 subiecto
644 2918 749 2978 torruit
770 2917 841 2995 igni.

129 3019 206 3081 quos
228 3000 318 3062 simul
338 3001 469 3081 inposuit
490 3002 610 3072 mensis,
632 3021 686 3081 ego
710 3002 823 3062 vindice
846 3001 960 3061 bamma
1158 3006 1201 3056 230

129 3085 160 3146 in
183 3085 305 3147 domino
328 3086 433 3163 dignos
453 3088 540 3147 everti
564 3096 638 3148 tecta
660 3097 790 3165 penates.

129 3171 250 3232 territus
270 3170 336 3251 ipse
357 3170 442 3249 sugit,
464 3181 624 3250 nactusque
646 3171 759 3232 silentia
781 3169 859 3232 ruris

201 3357 248 3408 190
272 3351 446 3406 contremuere
468 3354 507 3404 ed.
530 3354 588 3405 Atat
624 3370 673 3405 non
691 3354 815 3405 tremuere
832 3350 913 3416 srgm.
931 3350 1064 3401 Barnensc
1099 3357 1203 3401 contre-

129 3424 256 3474 muereA
326 3423 376 3473 202
395 3427 463 3473 tante
481 3418 600 3473 subitoi
658 3425 707 3473 201
726 3426 850 3487 augustae
867 3418 893 3470 bi
955 3420 1034 3471 206
1022 3435 1051 3467 an
1069 3432 1157 3483 marg.
1175 3417 1199 3468 M

130 3493 188 3543 201.
206 3493 255 3542 203
278 3492 437 3556 proscripsit
453 3489 535 3541 uere.
597 3494 646 3542 210
668 3497 694 3541 et
718 3504 815 3556 quaes
877 3489 927 3539 214
954 3498 1020 3554 noxe
1038 3483 1202 3553 quantumi

129 3561 180 3611 211
199 3556 332 3641 cillenpbi
359 3557 451 3609 citteno
468 3577 483 3613 ς
501 3575 570 3609 corr.
588 3559 675 3609 Hermus
715 3561 763 3610 218
782 3554 905 3607 Archadis
923 3553 1007 3606 trient
1036 3551 1202 3606 Archadesi

129 3659 292 3712 Arcbadosa
327 3658 513 3727 inhospitabi
541 3657 684 3726 inospitai
726 3662 774 3711 226
793 3673 834 3709 rne
852 3661 871 3709 i.
880 3674 904 3708 r
919 3656 962 3709 Μ’
994 3653 1203 3708 2266510111),

129 3798 180 3849 230
198 3797 274 3863 quos]
299 3793 369 3861 qnod
386 3793 412 3846 id
440 3735 558 3861 (ibsbos
575 3811 599 3846 a
617 3811 651 3846 m.
667 3789 858 3858 recentiorem
904 3795 951 3846 231
970 3796 1009 3843 stc
1027 3791 1182 3852 OEosanus
1175 3808 1202 3843 in

129 3863 261 3916 dominum
279 3861 372 3928 dignos
389 3861 445 3914 D
439 3879 465 3914 m
482 3862 611 3915 dominum
629 3863 769 3930 dignosque
789 3859 804 3911 t
839 3862 888 3914 232
906 3860 949 3913 itte
967 3879 980 3910 ε
