2692 4230
143 144 247 183 numa
592 132 623 197 X,
642 134 786 187 263-333.

228 303 333 368 Editus
355 305 410 366 hac
432 301 483 363 ille
506 310 560 376 est,
584 304 646 385 qui,
668 303 693 365 si
716 304 781 366 sine
802 303 887 385 prole
913 304 1025 380 ruisset,

141 387 221 452 iuter
243 389 345 452 lelices
367 387 490 466 Cinyras
512 387 659 467 potuisset
678 388 791 452 haberi.

142 473 205 536 dira
227 491 346 537 cauam:
369 471 478 551 procul
501 471 572 535 hine
593 485 689 550 natae,
712 475 817 556 procul
840 482 902 536 este
925 475 1077 554 parentesl
1175 489 1219 541 300

141 568 203 634 aut,
224 576 288 620 mea
312 557 337 617 si
358 564 471 618 vestras
492 557 666 622 mulcebunt
688 560 817 622 carmina
840 567 963 631 mentes,

142 643 218 705 desit
239 643 269 703 in
293 641 349 701 hac
370 639 444 702 mihi
465 655 549 724 parte
571 645 653 717 fides,
676 662 733 704 nec
754 644 865 705 credite
887 644 1007 717 factum,

142 728 197 803 uel,
219 727 244 788 si
267 725 404 801 credetis,
426 725 495 790 lacti
519 747 639 809 quoque
661 727 772 790 credite
794 746 929 807 poenam.

141 813 167 875 si
190 826 286 873 tamen
309 809 469 875 admissum
495 812 567 875 sinit
587 813 646 874 hoc
669 821 773 872 natura
794 811 894 880 uideri.

141 894 290 977 [gentihus
311 893 442 959 Ismariis
463 906 494 959 et
515 906 618 958 nostro
641 894 775 973 gratulor
796 894 881 972 orhi‚]

141 979 274 1059 gratulor
294 980 366 1043 huic
387 991 494 1054 terrae,
517 980 598 1062 quod
620 979 703 1042 abest
725 979 896 1059 regionibus
917 979 983 1053 illis,

140 1082 216 1144 quae
239 1073 355 1128 tantum
377 1083 509 1145 genuere
532 1066 623 1127 nelas.
667 1065 706 1127 sit
727 1064 806 1127 dives
827 1081 943 1126 amomo

139 1148 336 1232 cinnamaque
358 1161 536 1233 costumque
557 1168 645 1212 suum
668 1151 830 1231 sudataque
850 1149 932 1228 ligno

139 1243 204 1297 tura
227 1237 302 1298 ferat
322 1235 472 1316 floresque
493 1235 568 1297 alios
588 1234 735 1297 Panchaia
759 1235 855 1308 tellus,

139 1320 210 1382 dum
232 1320 308 1382 ierat
329 1330 359 1382 et
380 1338 529 1382 murramz
553 1321 626 1382 tanti
650 1339 724 1382 nova
748 1339 809 1382 uon
832 1319 887 1381 luit
908 1319 1004 1381 arhor.

139 1404 203 1486 ipsc
225 1413 315 1484 negat
337 1405 476 1466 nocuisse
499 1404 551 1466 tihi
574 1423 628 1467 sua
651 1405 706 1467 tela
729 1403 853 1484 Cupido,

137 1489 267 1570 Myrrha,
289 1489 429 1569 facesque
450 1508 520 1551 suas
541 1508 558 1551 a
581 1490 706 1553 crimine
727 1487 855 1551 vindicat
877 1487 942 1549 isto.

137 1574 237 1655 stipite
259 1582 288 1634 te
311 1573 413 1653 Stygio
436 1575 617 1657 tumidisque
639 1574 757 1637 adflavit
778 1573 910 1636 echidnis

137 1677 155 1720 e
177 1657 272 1720 trihus
294 1677 353 1720 una
375 1677 471 1721 soror.
514 1660 613 1722 scelus
633 1672 679 1721 est
700 1659 797 1721 odisse
819 1666 986 1740 parentem:

136 1743 185 1804 hie
206 1760 291 1804 amor
313 1753 358 1805 est
380 1744 448 1805 odio
471 1745 567 1806 maius
589 1744 695 1807 scelus.
740 1743 872 1823 undique
893 1741 960 1804 lecti

136 1836 166 1889 te
188 1827 316 1908 cupiunt
337 1846 488 1908 proceres,
510 1838 634 1910 totoque
656 1829 772 1891 oriente
793 1827 908 1889 iuventa

135 1912 171 1974 ad
193 1911 314 1975 thalami
337 1923 485 1976 certamen
508 1914 600 1976 adest.
644 1932 678 1976 ex
701 1913 840 1976 omnihus
862 1930 954 1975 unum

136 1996 222 2076 elige,
245 1997 373 2078 Myrrha,
397 1999 508 2061 virum:
532 2000 603 2062 dum
627 2018 665 2061 ne
686 1999 725 2061 sit
746 1999 777 2060 iu
800 1996 938 2059 omnihus
960 2015 1046 2058 unus.

135 2081 184 2144 illa
206 2082 325 2162 quidem
347 2083 441 2150 sentit
462 2083 610 2164 foedoque
631 2092 780 2164 repugnat
800 2081 893 2143 amori

135 2176 165 2228 et
186 2185 288 2229 secum
308 2160 381 2248 ‘quo
404 2177 506 2230 mente
527 2164 629 2231 lerorl
652 2168 722 2249 quid
744 2164 888 2230 moliorl’
912 2166 1023 2246 inquits

131 2246 185 2325 ‘dt
208 2270 325 2332 precor,
348 2261 377 2314 et
398 2253 495 2335 pietas
516 2263 688 2335 sacrataque
709 2253 773 2315 iura
795 2262 961 2334 parentum,

134 2337 192 2399 hoc
214 2336 371 2417 prohibete
393 2337 477 2399 nefas
499 2339 663 2419 scelerique
684 2338 812 2399 resistite
834 2336 951 2398 nostrol

133 2422 158 2483 si
182 2431 278 2483 nmen
301 2423 360 2483 hoc
381 2422 479 2484 scelus
501 2431 555 2484 est.
598 2423 649 2484 sed
672 2422 751 2484 enim
773 2422 912 2482 damnare
933 2431 1056 2501 negatur

133 2508 210 2568 hanc
232 2507 376 2568 Venerem
400 2507 505 2587 pietas,
527 2517 696 2588 coeuntque
717 2506 853 2569 animalia
875 2505 958 2569 nullo

134 2601 229 2653 cetera
251 2591 371 2654 dilectu.
416 2610 472 2654 nec
495 2591 621 2654 hahetur
642 2603 730 2673 turpe
752 2592 891 2654 iuvencae

134 2676 210 2738 serre
233 2689 347 2757 patrem
370 2686 465 2757 tergo,
488 2678 522 2739 ht
545 2696 622 2758 equo
645 2695 697 2738 sua
721 2675 940 2748 (diaconium,

133 2780 266 2842 quasque
289 2762 398 2824 creavit
419 2762 477 2823 init
499 2763 629 2844 pecudes
652 2780 750 2842 caper,
773 2762 904 2842 ipsaque,
928 2759 1013 2822 cuius

132 2847 245 2907 semine
268 2855 414 2927 concepta
437 2857 494 2919 est.
516 2865 551 2909 ex
573 2846 624 2908 illo
647 2846 779 2927 concipit
800 2845 868 2908 ales.

132 2930 243 3005 felices,
265 2931 374 3011 quihus
397 2931 451 2993 ista
475 2932 584 2994 licenti
610 2932 737 2994 humana
759 2930 901 3010 malignas

132 3034 201 3077 cura
223 3016 303 3077 dedit
324 3015 415 3095 leges,
438 3027 467 3078 et
490 3017 570 3097 quod
593 3028 696 3078 natura
718 3016 851 3092 remittit,

131 3100 226 3161 invida
250 3101 314 3162 iura
338 3111 457 3179 negant.
503 3112 607 3180 gentes
629 3111 726 3162 tamen
751 3119 814 3161 esse
837 3102 980 3172 teruntur,

132 3185 162 3247 in
186 3185 295 3266 quibus
318 3195 347 3247 et
370 3197 438 3247 nato
462 3187 598 3266 genetrix
620 3196 650 3247 et
671 3196 738 3247 nata
760 3186 874 3266 parenti

131 3269 275 3350 iungitur,
298 3280 330 3359 et*
348 3271 444 3352 pietas
466 3272 615 3351 geminato
639 3270 745 3333 crescit
765 3289 873 3332 amore.
1151 3350 1161 3370 ς

671 3369 694 3400 22

200 3438 250 3489 238
269 3437 326 3500 hae]
339 3436 387 3489 hoc
405 3443 475 3490 cont.
489 3439 613 3490 Heinsius
640 3371 712 3489 &hae
730 3440 760 3487 in
770 3451 872 3501 marga
889 3434 940 3487 οΜ
994 3436 1039 3486 301
1062 3440 1088 3485 at
1106 3382 1164 3486 mell
1182 3431 1207 3484 Μ

130 3501 191 3557 ati.
261 3507 310 3559 302
329 3505 385 3570 nee]
405 3521 438 3558 oe
456 3503 472 3556 2
543 3509 591 3560 305
611 3512 695 3558 totum
712 3519 817 3555 versum
834 3520 885 3556 om.
903 3503 942 3563 Μ;
960 3505 1067 3555 enanis
1084 3507 1116 3553 ut
1133 3501 1209 3552 addi-

131 3576 224 3624 tioium
237 3573 336 3626 inclusi
345 3579 458 3625 auctore
469 3574 572 3625 Merkel
624 3577 674 3626 309
693 3568 865 3641 panchaioal
916 3571 1106 3626 310mirrams
1158 3573 1207 3622 313

132 3648 226 3744 timidis
238 3689 264 3743 Μ
319 3694 368 3745 315
386 3690 429 3743 hic
447 3706 504 3743 mos
522 3698 562 3744 est
581 3692 693 3760 odioque
711 3691 795 3743 minus
814 3688 934 3743 scelusll
987 3693 1036 3744 316
1056 3689 1207 3744 inuentuss

131 3762 179 3812 311
199 3759 336 3828 11001οω1111
356 3758 423 3819 (facil
447 3763 488 3820 us)
506 3758 532 3811 Μ
603 3762 681 3812 0ηέ
733 3762 782 3811 tls
805 3774 887 3809 murra
906 3757 930 3809 Μ
1000 3773 1031 3810 ne
1057 3756 1206 3821 0111000011

129 3825 155 3879 Μ
202 3830 251 3881 323
271 3826 646 3894 0080111110·110110010001111
699 3829 748 3881 325
762 3827 862 3878 delectu
874 3822 1066 3893 ‘fragmentum
1081 3826 1207 3878 Caesenas

129 3890 244 3950 Bsimii'
299 3892 446 3949 32811102
499 3898 549 3949 333
567 3900 665 3948 creseat
678 3894 703 3946 Μ
756 3902 933 3947 ut-rresoat
951 3896 1022 3947 Bon.
1040 3895 1162 3946 Heinsius
