2692 4230
111 97 172 161 150
568 104 721 159 ΜΕΤΑΜΜ

110 272 182 338 illud
204 274 372 341 Echidneae
393 285 557 340 memorant
578 293 594 336 e
615 275 754 338 dentibus
773 286 870 341 ortum

109 378 174 423 csse
196 361 286 424 canis.
329 380 435 444 specus
456 368 502 420 est
524 357 681 421 tenebroso
705 377 810 424 caecus
830 363 911 426 hiatu

109 455 140 508 et
163 446 206 508 iia
227 447 356 521 declivis,
379 464 432 527 per
454 461 542 522 quam
563 442 735 522 Tirynthius
758 446 846 510 heros

109 538 267 593 restantem
288 539 451 609 contraque
472 526 549 589 diem
570 527 728 609 radiosque
748 529 889 595 micantes

110 615 312 696 obliquantem
334 613 437 674 oculos
459 611 541 674 nexis
562 613 714 675 adamante
736 615 867 676 catenis·

109 699 260 762 Cerberon
282 696 437 770 abstraxit;
460 696 560 759 rabida
583 698 633 778 qui
656 695 791 761 concitus
813 699 855 761 ira

110 784 232 866 inplevit
253 783 363 863 pariter
385 781 479 842 ternis
499 782 651 846 latratibus
671 799 757 845 auras

109 878 139 931 et
160 867 264 949 sparsit
286 865 393 927 virides
415 867 528 946 spumis
549 868 716 931 albentibus
737 883 832 946 agros.

108 953 161 1014 has
183 968 339 1013 concresse
360 959 465 1031 putant
487 962 644 1034 nactmque
665 953 805 1017 alimenta
827 951 930 1014 feracis

108 1033 287 1114 fecundique
307 1034 363 1096 soli
385 1036 461 1100 vires
483 1039 598 1120 cepisse
619 1037 756 1101 nocendi.

108 1138 183 1201 quae
205 1119 273 1199 quia
295 1130 457 1185 nascuntur
477 1124 550 1187 dura
571 1124 678 1187 vivacia
700 1130 795 1195 caute,

107 1211 236 1282 agrestes
258 1205 374 1268 aconita
396 1216 509 1271 nocant.
553 1228 586 1271 ea
608 1209 745 1289 coniugis
766 1216 830 1270 astu

107 1288 172 1368 ipsc
194 1307 300 1369 parens
322 1293 437 1372 Aegeus
459 1300 526 1356 nato
550 1294 681 1375 porrexit
703 1303 738 1355 ut
759 1290 846 1354 hosti.

106 1381 273 1454 sumpserat
294 1375 395 1456 ignara
418 1377 551 1440 Theseus
571 1379 636 1441 data
659 1377 766 1459 pocula
788 1377 898 1450 dextra,

107 1475 175 1520 cum
197 1469 282 1541 pater
303 1461 334 1522 in
357 1461 463 1543 capulo
486 1461 573 1541 gladii
595 1461 735 1540 cognorit
756 1461 869 1523 eburno

106 1542 190 1622 signa
212 1546 257 1607 sui
279 1546 396 1625 generis
418 1546 591 1625 facinusque
613 1546 742 1607 excussit
763 1544 799 1606 ab
821 1563 882 1605 ore.

107 1629 210 1709 elingit
231 1628 280 1690 illa
303 1647 404 1690 necem
429 1629 545 1690 nebulis
566 1647 620 1710 per
640 1629 771 1690 carmina
793 1628 891 1703 motis.
939 1644 949 1670 ·

192 1715 230 1774 tt
251 1714 376 1792 genitor,
399 1731 576 1794 quamquam
597 1713 722 1776 laetatur
744 1712 854 1795 sospite
877 1720 955 1786 nato,

106 1797 249 1859 attonitus
272 1805 369 1859 tamen
392 1806 436 1859 est
457 1798 563 1878 iugens
584 1798 755 1861 discrimine
780 1816 868 1880 parto

106 1880 248 1942 committi
270 1881 403 1962 potuisse
426 1884 516 1944 celas.
560 1885 638 1946 lovet
659 1883 778 1963 ignibus
800 1901 864 1945 aras

106 1965 339 2047 muneribusque
360 1967 432 2029 deos
453 1967 558 2048 inplet,
581 1968 751 2048 leniuntque
772 1985 890 2029 secures

106 2050 181 2112 colla
203 2061 300 2113 torosa
322 2051 412 2114 boum
436 2052 600 2115 vinctorum
623 2071 735 2114 cornua
757 2052 843 2114 vittis.

107 2135 206 2198 nullus
228 2136 411 2199 Erechthidis
436 2138 530 2200 lertur
551 2137 726 2199 celebratior
748 2137 798 2199 illo

106 2220 247 2282 inluxisse
269 2221 341 2283 dics.
385 2223 496 2302 agitant
517 2223 648 2284 convivia
671 2232 769 2303 patres

106 2315 136 2366 et
157 2306 286 2367 medium
308 2307 422 2386 vulgus,
445 2326 500 2369 uec
523 2326 584 2369 non
606 2316 635 2369 et
656 2307 796 2380 carmina,
818 2307 885 2368 rino

106 2389 259 2470 ingenium
282 2391 416 2466 iaciente,
439 2402 559 2455 canunt.
599 2385 653 2466 ‘te‚
677 2392 802 2454 maxime
823 2391 948 2465 Theseu,

106 2475 209 2536 mirata
231 2483 275 2537 cst
297 2475 449 2538 Marathon
472 2477 585 2539 Cretaei
607 2477 753 2556 sanguiue
775 2477 860 2551 tauri,

105 2560 245 2640 quodque
266 2560 326 2621 suis
348 2580 471 2623 securus
493 2569 555 2623 arat
577 2562 743 2642 Cromyona
765 2561 899 2634 colonus,

105 2663 214 2706 munus
235 2663 371 2725 opusque
393 2653 476 2707 tuum
498 2657 551 2709 est.
595 2647 681 2709 tellus
705 2646 862 2727 Epidauria
885 2655 989 2727 perte

105 2729 278 2809 clavigeram
301 2730 371 2791 vidit
393 2731 514 2793 Vulcani
536 2733 712 2794 occumbere
734 2731 858 2811 prolem,

103 2814 175 2876 vidit
196 2823 225 2875 et
246 2814 378 2877 inmitem
398 2815 548 2896 Cephisias
571 2835 620 2878 ora
643 2817 832 2893 Procrusten,

104 2899 263 2979 Cercyonis
285 2899 376 2961 letum
399 2901 469 2963 vidit
491 2900 618 2964 Cerealis
643 2901 774 2963 Eleusin.

102 3053 308 3064 ———-

172 3138 221 3188 tto
239 3133 364 3188 estriall
416 3138 466 3187 413
485 3077 627 3186 natarunt
679 3133 858 3197 ad(t)traxitr
888 3131 1041 3186 abstraxitr
1075 3129 1173 3182 abstra-

102 3204 141 3256 xit
153 3204 242 3256 detur.
292 3205 342 3256 416
360 3201 547 3271 concresslleslllp
564 3208 611 3263 (cr.
624 3218 638 3254 e
651 3200 763 3266 etrelbl
826 3215 931 3253 concres
975 3195 1037 3252 sel
1089 3203 1172 3250 natas·

103 3267 187 3339 qued
238 3273 287 3325 tlt
307 3268 459 3340 lecundassq:
477 3273 524 3335 (er.
538 3269 599 3334 ΟΜ
652 3265 858 3337 fecundusque).
909 3271 959 3321 422
978 3267 1074 3320 eburno
1092 3268 1118 3326 (o
1138 3281 1172 3316 en

102 3404 240 3471 imant
291 3408 341 3459 425
359 3359 454 3458 Μῖείιιῐ
464 3403 490 3456 Μ
543 3407 592 3458 tto
610 3404 786 3473 attonitusque
799 3408 883 3456 tamen
895 3398 1010 3470 genitid
1062 3399 1172 3468 genitis

103 3559 153 3611 429
172 3562 257 3610 torosa
274 3559 314 3622 (sa
330 3559 349 3609 i.
360 3559 394 3623 r.)
405 3555 431 3609 Μ
478 3552 637 3609 uictorumt
683 3502 790 3622 condidi}
807 3553 833 3606 lt
882 3549 1023 3622 corpora).
1067 3548 1172 3604 victisd

100 3712 152 3763 430
170 3659 348 3763 aiectbidisll
417 3707 624 3829 erelplchidisr
693 3710 742 3761 432
760 3723 785 3760 m
819 3707 863 3760 dxu
879 3706 924 3759 Μι
992 3653 1104 3780 ιιιζὸᾱοιιι8
1127 3704 1171 3756 Μ’

101 3779 213 3832 carmine
230 3778 273 3831 Μ’
337 3778 448 3830 carmina
466 3777 508 3829 l²
592 3778 642 3829 435
661 3791 733 3829 suam
750 3776 786 3840 A,
803 3791 851 3827 em.
869 3775 1032 3840 Salocgna‘us
1049 3776 1172 3826 Boe'srr'ur

102 3849 152 3901 438
171 3846 343 3916 cephesiash
395 3845 482 3899 orell
534 3840 630 3897 horat
680 3847 730 3898 439
748 3843 843 3896 eleusis
860 3842 886 3895 Μ
937 3843 1074 3896 eleusims
