2692 4230
99 151 162 216 250
486 185 488 189 ·
558 156 711 212 4448444444

99 328 218 393 carbasa
240 331 359 395 deducit
377 330 587 406 venientesque
608 326 715 407 accipit
737 346 831 393 auras

98 424 149 478 aut
170 416 278 492 minus,
298 425 350 479 aut
370 423 451 477 certe
472 409 601 471 medium
623 428 683 471 non
706 412 833 493 amplius
853 432 963 497 aequor

97 519 200 582 puppe
221 495 383 573 secabatur,
404 495 554 574 longeque
575 503 637 557 erat
656 503 781 574 utraque
802 498 896 573 tellus,

97 603 166 647 cum
188 603 268 648 mare
288 582 345 646 sub
367 587 483 643 noctem
506 579 625 641 tumidis
645 577 792 642 albescere
811 584 911 664 eoepit

97 668 237 733 fluctibus
258 678 287 731 et
307 681 450 748 praeceps
470 663 583 744 spirare
603 662 747 726 ualentius
770 683 867 727 eurus.

98 755 208 832 „ardua
229 751 389 815 iandudum
411 747 554 811 demittite
575 752 705 812 coruua“
728 757 826 811 rector

97 838 202 901 clamat
224 846 274 913 „et
294 832 441 896 antemnis
462 841 558 896 toturn
579 832 745 897 subnectite
766 832 892 895 relum“.

96 922 146 985 bic
166 921 263 984 iubet:
285 918 441 999 inpediunt
460 918 598 982 adversae
619 920 697 982 iussa
719 917 873 1000 procellae,

96 1025 153 1070 nec
173 1005 244 1067 sinit
264 1002 358 1064 audiri
379 1021 481 1066 rocem
502 1005 601 1084 fragor
621 1003 758 1086 aequoris
779 1002 877 1065 ullam.

95 1097 203 1173 spome
224 1096 320 1165 tamen
344 1097 505 1170 properent
525 1089 574 1151 alii
596 1089 759 1151 subducere
780 1104 886 1162 remos,

94 1193 164 1258 pars
185 1173 302 1235 munire
323 1172 409 1250 latus,
430 1193 499 1256 pars
520 1175 614 1236 rentis
634 1172 696 1235 rela
718 1191 836 1253 negare.

96 1259 189 1338 egerit
210 1257 258 1320 bic
280 1257 388 1321 ductus
409 1277 579 1343 aequorque
599 1258 730 1321 reiundit
751 1259 781 1320 in
803 1275 923 1338 aequor,

94 1342 144 1405 hic
165 1342 241 1423 rapit
262 1352 423 1407 antemnas
469 1363 544 1425 quae
565 1345 636 1407 dum
658 1344 722 1407 sine
743 1343 809 1423 lege
830 1350 982 1422 geruntur,

94 1445 198 1509 aspera
220 1428 326 1492 crescit
345 1428 449 1506 biems,
471 1431 612 1511 omnique
634 1448 651 1491 e
671 1439 754 1511 parte
776 1430 888 1491 seroces

93 1511 170 1575 bella
193 1523 298 1593 gerunt
319 1514 398 1576 renti
421 1515 552 1595 iretaque
573 1513 755 1593 indignantia
777 1513 909 1576 miscent.

34 1620 40 1630 ·
93 1598 158 1680 ipse
172 1606 257 1680 paret
280 1617 336 1661 nec
357 1617 398 1673 se,
422 1598 472 1678 qui
495 1599 533 1660 sit
554 1607 657 1670 status,
678 1598 742 1678 ipse
764 1598 870 1660 latetur

93 1683 170 1745 scire
191 1683 261 1745 ratis
283 1690 391 1756 rector,
414 1699 469 1742 neo
491 1680 560 1761 quid
582 1681 726 1755 iubeatve,
747 1689 874 1743 retetre:

92 1777 172 1829 tanta
193 1766 261 1828 mali
283 1765 376 1827 moles
397 1773 539 1845 tantoque
560 1765 710 1846 potentior
730 1774 793 1826 arte
814 1774 867 1827 est.

92 1851 205 1932 quippe
226 1858 334 1912 sonant
355 1849 484 1912 clamore
505 1850 568 1924 riri,
590 1850 715 1912 stridore
735 1850 883 1925 rudentes,

90 1942 246 1996 ventorum
268 1935 390 1998 incursu
413 1934 508 2015 gravis
528 1935 617 2011 unda,
639 1934 798 1997 tonitribus
818 1934 926 1996 aether.

91 2019 231 2087 ductibus
252 2019 375 2101 erigitur
395 2019 568 2100 caelumque
589 2038 715 2103 aequare
735 2020 848 2082 ridetur

90 2114 202 2185 pontus
224 2113 254 2168 et
274 2105 408 2168 inductas
429 2104 604 2186 adspergine
624 2116 746 2184 tangere
767 2104 870 2166 nubes.

91 2199 120 2252 et
142 2189 239 2266 modo,
262 2208 330 2251 cum
352 2189 444 2251 lulras
466 2189 582 2250 eximo
604 2190 693 2251 remit
712 2189 847 2265 barenas,

90 2274 232 2336 concolor
254 2284 298 2336 est
319 2274 387 2349 illis,
409 2273 510 2354 Stygia
531 2274 618 2335 modo
641 2273 753 2353 nigrior
774 2274 863 2347 unda,

89 2358 231 2420 sternitur
252 2358 401 2420 interdum
423 2358 594 2439 spumisque
614 2357 790 2421 sonantibus
811 2359 896 2422 albet.

89 2442 487 2590 {trucidate
500 2443 919 2591 tttirruttru

88 2613 241 2694 despicere
263 2613 293 2674 in
316 2612 404 2675 valles
425 2612 577 2695 imumque
598 2614 765 2675 Acheronta
786 2612 909 2686 ridetur,

88 2716 180 2772 nunc,
202 2697 253 2759 ubi
274 2698 430 2759 demissam
451 2714 573 2760 currum
596 2697 787 2761 circumstetit
809 2715 927 2779 aequor,

87 2782 237 2864 suspicere
259 2781 375 2844 inierno
397 2799 544 2844 summum
567 2783 605 2845 de
626 2783 741 2863 gurgite
763 2781 884 2845 caelum.

87 2866 529 3014 iiiiililsliil‘imallim
552 2867 628 3015 lit
640 2868 870 3014 4444ῗὶ44

87 3055 155 3099 cum
176 2972 384 3100 laceraaparies
405 2972 553 3099 ballistis}
574 3037 705 3099 concutit
725 3054 817 3098 arces.

86 3132 178 3201 utque
200 3120 297 3183 solent
316 3122 443 3203 sumptis
464 3123 584 3184 incursu
606 3121 718 3183 viribus
739 3121 783 3183 ire

85 3214 206 3287 pectore
228 3205 258 3267 in
280 3223 360 3268 arma
382 3206 436 3268 ieri
459 3216 652 3288 protentaque
673 3205 731 3268 tela
753 3205 863 3281 leones,

85 3289 200 3352 sicubi
223 3309 255 3352 se
276 3291 371 3353 ventis
391 3291 545 3354 admiserat
567 3292 644 3354 unda
667 3290 785 3364 coortis,

152 3441 203 3492 448
220 3439 288 3492 baud
305 3439 331 3492 bi
388 3442 438 3494 482
456 3440 609 3497 dimittiter
661 3443 711 3494 483
728 3438 939 3508 amptempnisll
990 3443 1040 3495 484
1058 3438 1151 3492 binc).

84 3509 136 3563 488
153 3506 218 3571 aiiii!
234 3509 258 3572 (s
275 3509 353 3571 erar.)
370 3506 395 3559 li
454 3511 506 3563 488
523 3523 573 3577 que
591 3524 642 3563 oar.
659 3507 684 3560 lt
737 3510 787 3561 489
805 3513 1151 3577 ampterapnas-regnntur

84 3573 111 3627 bl
162 3577 213 3628 490
231 3577 255 3638 e]
273 3571 322 3626 ai
382 3578 431 3630 498
449 3575 564 3645 retetue]
581 3577 713 3629 relitrcC
770 3579 820 3629 494
838 3581 958 3644 uotaque
974 3579 1010 3640 (ta
1029 3593 1098 3628 corr.
1115 3595 1150 3629 η

84 3640 166 3707 tolli
222 3647 371 3711 tantumque
389 3639 406 3694 4
464 3646 515 3698 498
532 3643 651 3697 inductus
669 3651 709 3706 (us
726 3660 763 3695 ca·
779 3659 807 3696 as
825 3646 904 3707 corr.)
922 3644 1054 3712 aspergine
1071 3650 1098 3711 (g
1113 3662 1150 3697 ca·

85 3708 155 3773 nili
218 3712 269 3765 499
286 3711 401 3764 vertiti
466 3715 515 3767 898
533 3711 652 3765 dimissae
669 3715 702 3776 (c.
716 3711 756 3777 gl.
774 3707 896 3779 puppill
961 3712 1150 3767 circarnrstitite

84 3780 135 3832 806
153 3776 316 3847 susciperei
374 3781 424 3833 844
442 3779 521 3844 letne]
538 3779 666 3846 grarisli
722 3782 773 3832 oto
791 3793 840 3848 que
857 3777 942 3832 onai
992 3782 1148 3835 incursus·-

63 3843 208 3979 'imm
223 3850 272 3966 ἓν
291 3845 438 3916 pectorali
502 3850 551 3902 stt
568 3847 764 3904 commiscente
820 3848 1098 3904 amiserat-cobortis
1115 3850 1149 3914 (c.
