2692 4230
217 130 315 166 eunom
664 112 691 175 ΙΙ,
709 115 849 166 510-875.

218 298 384 349 armentum
408 286 503 365 regale
526 284 615 353 vides,
637 283 671 344 ad
695 284 777 346 litora
801 279 899 346 verte’

217 373 301 447 dixit,
324 383 352 434 et
374 370 486 451 expulsi
510 368 677 430 iamdudum
700 384 799 431 monte
820 369 935 432 iuvenci

218 456 302 520 litora
325 459 402 518 iussa
425 464 539 534 petunt,
563 454 612 515 ubi
635 456 732 534 magni
756 454 812 515 fllia
835 456 914 534 regis

217 543 319 604 ludere
342 537 503 617 virginibus
524 538 619 617 Tyriis
641 540 774 602 comitata
796 539 917 602 solebat.

219 646 279 688 non
304 626 380 686 bene
403 623 584 685 conveniunt
605 644 659 686 nec
682 626 711 684 in
735 640 791 682 nna
814 623 883 683 sede
905 636 1058 686 morantur

218 711 353 773 maiestas
374 716 404 766 et
424 725 516 769 amor.
560 710 668 790 sceptri
690 707 829 786 gravitate
851 706 950 768 relicta

218 796 268 856 ille
290 803 372 873 pater
395 805 550 874 rectorque
572 796 668 865 deum,
690 791 737 851 cui
760 791 858 852 dextra
881 792 1009 852 trisulcis

216 877 336 957 ignibus
358 886 466 938 armata
490 889 543 953 est,
566 881 615 959 qui
639 888 711 938 nutu
734 877 867 938 concutit
888 877 999 953 orbem,

216 961 350 1023 induitur
373 961 474 1024 faciem
499 964 574 1026 tauri
597 964 759 1040 mixtusque
782 961 913 1023 iuvencis

218 1046 313 1124 mugit
335 1057 364 1107 ct
386 1048 416 1107 in
440 1049 548 1111 teneris
570 1050 716 1107 lormosus
737 1042 906 1107 obambulat
927 1046 1036 1107 herbis.

218 1131 330 1211 quippe
352 1133 434 1194 color
457 1135 532 1195 nivis
554 1143 606 1205 est,
628 1147 714 1210 quam
738 1149 793 1192 nec
814 1131 934 1209 vestigia
956 1131 1022 1192 duri

219 1216 366 1279 calcavere
387 1219 470 1298 pedis
493 1236 548 1279 nec
570 1216 655 1277 solvit
676 1216 827 1296 aquaticus
848 1226 955 1277 auster.

219 1301 294 1363 colla
317 1304 389 1364 toris
412 1314 521 1373 extant,
543 1300 631 1362 armis
653 1302 776 1382 palearia
800 1302 939 1383 pendent,

219 1406 329 1450 cornua
352 1406 438 1468 parva
462 1387 590 1467 quidem,
611 1388 661 1448 sed
685 1406 758 1466 quae
779 1386 958 1448 contendere
981 1386 1078 1464 possis

218 1473 293 1533 facta
315 1490 414 1544 manu,
436 1490 568 1551 puraque
590 1472 682 1551 magis
703 1471 852 1551 perlucida
875 1487 997 1550 gemma.

220 1557 316 1618 nullae
338 1556 368 1616 in
393 1557 490 1616 lronte
511 1554 618 1630 minae,
641 1575 694 1617 nec
717 1555 898 1616 formidabile
919 1554 1030 1628 lumen,

218 1659 320 1722 pacem
343 1639 441 1702 vultus
464 1642 559 1703 babet.
603 1642 724 1701 miratur
746 1645 881 1718 Agenore
905 1650 980 1711 nata,

220 1726 298 1804 quod
321 1736 378 1786 tam
401 1727 558 1799 formosus,
581 1727 659 1806 quod
682 1725 792 1806 proelia
815 1724 894 1786 nulla
917 1724 1056 1785 minetur.

218 1809 269 1870 sed
293 1810 423 1890 quamvis
445 1811 545 1871 mitem
569 1812 670 1871 metuit
691 1809 864 1889 contingere
887 1809 996 1890 primo:

219 1913 287 1955 mox
308 1896 418 1958 aditet
439 1896 527 1957 llores
548 1896 583 1957 ad
607 1896 727 1957 candida
750 1894 875 1976 porrigit
897 1913 957 1955 ora.

218 1980 325 2059 gaudet
345 2000 447 2042 amans
468 1993 506 2054 et,
529 1982 597 2042 dum
622 1982 716 2042 veniat
737 1992 850 2061 sperata
872 1980 1016 2060 voluptas,

219 2065 319 2127 oscula
342 2067 391 2127 dat
412 2067 564 2141 manibus;
587 2067 633 2127 rin
656 2067 722 2139 iam,
744 2065 790 2126 rix
812 2075 908 2126 cetera
931 2064 1037 2125 dillcrt.

220 2161 249 2210 et
271 2170 352 2212 nunc
373 2150 474 2212 alludit
496 2151 637 2230 viridique
658 2150 767 2211 exultat
789 2150 817 2210 in
841 2149 942 2218 herba,

220 2254 301 2311 nunc
322 2235 398 2296 latus
421 2236 451 2296 in
476 2234 561 2296 fulvis
583 2236 698 2296 nircum
720 2235 841 2315 deponit
864 2233 996 2308 barenis;

221 2321 419 2400 paulatimque
441 2333 520 2382 metu
544 2321 661 2401 dempto
684 2320 770 2381 modo
793 2330 911 2400 pectora
928 2319 1049 2399 praebet

219 2405 347 2484 virginea
371 2406 535 2485 plaudenda
557 2425 656 2480 manu,
679 2406 764 2466 mode
788 2424 898 2466 cornua
921 2405 1006 2464 sertis

221 2490 397 2570 inpedienda
420 2492 511 2552 novis.
555 2511 623 2553 ausa
646 2503 688 2552 est
711 2509 829 2570 quoqne
851 2489 930 2566 regia
952 2488 1047 2567 virgo,

221 2577 318 2636 nescia
340 2595 427 2655 quem
450 2587 604 2656 premeret,
627 2588 708 2654 tergo
731 2574 883 2634 considere
907 2573 992 2646 tauri,

220 2679 287 2720 cum
310 2661 419 2721 densa
441 2671 518 2722 terra
541 2663 677 2740 siccoque
699 2680 715 2721 a
736 2658 821 2720 litore
842 2657 953 2719 sensim

222 2745 292 2806 salsa
314 2745 421 2825 pedum
445 2746 548 2826 primis
568 2746 688 2824 vestigia
711 2745 794 2825 ponit
814 2744 845 2804 in
869 2744 972 2804 undis:

221 2831 290 2891 iude
311 2829 371 2890 abit
394 2829 516 2891 ulterius
539 2830 683 2910 mediique
706 2849 758 2909 per
779 2847 905 2908 aequora
921 2828 1004 2908 ponti

222 2915 277 2976 lert
299 2916 444 2994 praedam.
490 2927 573 2996 paret
595 2916 666 2976 baec
689 2915 816 2994 litusque
838 2913 931 2974 ablata
954 2913 1088 2974 relictum

221 3000 350 3080 respicit,
373 3011 402 3060 et
423 3003 521 3062 dextra
544 3021 667 3062 cornum
690 3010 778 3071 tenet,
800 2999 888 3060 altera
911 2999 998 3059 dorso

221 3086 348 3166 inposita
370 3096 430 3159 est;
455 3087 595 3147 tremulae
618 3087 770 3147 sinuantur
792 3084 910 3145 llamiue
932 3095 1033 3144 restes.
1249 3091 1292 3141 8ῑό

221 3221 423 3230 μ--Ἢ

357 3286 367 3337 l
381 3289 410 3337 tri
639 3287 649 3337 l
662 3287 773 3337 concutit

291 3358 339 3407 848
358 3355 508 3406 bisculcise
572 3359 620 3408 ste
639 3353 797 3406 condidite
850 3351 1063 3408 851ambulati.
1117 3357 1166 3406 858
1185 3352 1291 3403 miretur

223 3420 260 3471 ll¹
307 3426 354 3475 863
374 3420 584 3484 rixictalri.)
637 3427 684 3475 bbb
704 3420 843 3473 nitidum).
895 3425 944 3474 866
963 3437 1029 3472 nunc
1049 3418 1188 3487 pectorati
1241 3423 1288 3472 867

220 3490 403 3557 plaudendall
462 3492 619 3558 palpandas
688 3493 736 3541 565
755 3490 880 3542 nosmlbl
951 3493 996 3542 Sll
1020 3491 1141 3555 primori
1204 3489 1292 3556 primis

221 3558 300 3608 multi
317 3559 409 3621 codd.‚·
427 3563 485 3623 quis
502 3564 641 3625 receperit,
660 3575 713 3608 non
732 3565 833 3609 constat
885 3561 933 3611 Sil
952 3573 1029 3608 cornu
1049 3558 1069 3607 Α
1098 3574 1203 3611 cornum
1222 3559 1292 3608 Pres-

221 3629 322 3678 cianus.
345 3655 377 3664 —
401 3627 474 3678 liber
494 3630 582 3679 tertius
601 3627 624 3678 bl
673 3627 735 3677 liber
760 3628 849 3678 tertius
874 3627 992 3693 incipite
1039 3627 1145 3693 explicit
1169 3626 1292 3678 liber-ll.

222 3695 311 3762 incipit
328 3696 420 3746 tercius
439 3691 453 3744 i.

272 3955 348 4005 Ouid,
362 3956 449 3999 dietam
