2692 4230
166 119 207 181 66
626 130 779 184 ΜΕΤΑΜΜ.

165 298 413 382 adsumptumque
434 310 547 384 patrem
569 312 795 381 commentaque
814 322 897 367 sacra
919 301 1012 365 lateri.

163 403 201 445 an
223 386 294 447 satis
315 386 428 448 Acrisio
450 395 495 448 est
514 384 616 457 animi,
637 394 828 447 contemnere
849 407 957 454 vanum

164 487 275 530 numen
298 479 326 532 et
348 471 498 550 Argolicas
519 469 647 530 venienti
669 468 805 531 claudere
826 483 937 552 portas,

162 553 292 616 Penthea
313 555 435 617 terrebit
455 570 523 613 cum
546 554 616 614 totis
636 554 746 615 advena
769 553 900 618 Thebis?

163 639 203 700 ite
224 634 296 715 citt,
319 638 447 716 (famulis
468 639 525 698 hoc
547 631 712 734 imperatl‘
715 638 756 698 ito
777 637 943 735 ducemque

160 724 296 786 attrahite
317 725 377 786 buo
397 720 574 782 vinetuml
567 722 654 782 russis
675 740 757 782 mora
779 723 879 800 segnis
900 722 1021 789 abesto?

161 807 242 870 huno
263 827 344 881 arus,
365 806 447 868 hunc
467 805 614 877 Athamas,
637 807 718 866 huno
738 814 835 867 cetera
858 809 944 871 turba
965 828 1087 874 suorum

160 893 328 974 corripiunt
347 889 434 951 dictis
455 889 621 969 frustraque
643 890 778 951 inhibere
799 889 943 954 laborant

160 977 256 1038 acrior
276 974 427 1037 admonitu
450 981 504 1047 est,
526 974 722 1054 inritaturque
743 983 859 1038 retenta

160 1070 189 1122 et
210 1059 316 1122 crescit
336 1057 442 1130 rabies,
463 1062 719 1140 remoraminaque
741 1061 805 1142 ipsa
828 1059 984 1122 nocebant

159 1146 202 1206 sic
223 1161 278 1222 ego
301 1151 472 1218 torrentem,
494 1163 552 1225 qua
575 1145 616 1206 nil
639 1146 772 1208 obstabat
794 1146 886 1218 eunti,

159 1228 256 1288 lenius
277 1238 307 1289 et
328 1227 444 1290 modico
465 1230 593 1312 strepitu
614 1231 772 1300 decurrere
791 1231 866 1293 ridi:

157 1321 188 1372 at
208 1330 396 1394 quacumque
416 1313 514 1377 trabes
534 1316 743 1398 obstructaque
764 1335 832 1379 saxa
853 1313 1003 1389 tenebant,

157 1415 298 1477 spumeus
319 1408 348 1460 et
370 1399 485 1462 terrens
506 1410 535 1462 et
555 1400 593 1462 ab
615 1401 700 1463 obice
721 1402 835 1463 saevior
856 1401 926 1462 ibat.

158 1499 227 1544 eece
248 1485 395 1546 cruentati
415 1485 539 1547 redeunt
561 1496 600 1559 et,
624 1485 757 1548 bacchus
778 1486 828 1547 ubi
851 1494 940 1557 esset,

152 1570 309 1674 quaerenti
331 1569 452 1631 domino
473 1569 620 1631 llaccbum
642 1571 748 1632 vidisse
769 1579 931 1649 negarunt3

152 1645 255 1714 ‘'hunc
279 1649 408 1714 dixere‘
412 1664 507 1714 tamen
530 1654 667 1714 comitem
689 1654 891 1734 famulumque
912 1672 1065 1715 sacrorum

154 1733 316 1819 cepimus’3
340 1747 369 1798 et
391 1737 510 1798 tradunt
530 1737 667 1798 manibus
690 1746 758 1816 post
778 1749 861 1818 terga
882 1738 979 1817 ligatis

154 1840 234 1883 sacra
256 1821 303 1883 dei
325 1822 472 1901 quendam
493 1820 645 1900 Tyrrhena
666 1831 754 1900 gente
775 1832 919 1884 secutum.

239 1905 371 1986 Adspicit
392 1906 473 1966 hunc
494 1905 644 1967 Pentheus
665 1907 769 1979 oculis,
791 1925 867 1986 quos
887 1905 930 1967 ira
953 1907 1122 1968 tremendos

153 1990 271 2064 lecerat,
295 1999 324 2051 et
346 2009 522 2070 quamquam
544 2009 657 2072 poenae
679 1991 725 2052 ιὶιι
748 2000 882 2071 tempora
903 1991 1011 2064 differt

150 2065 181 2134 ‘o
203 2076 334 2181 periture
348 2084 465 2180 tuaque
486 2075 551 2138 aliis
571 2078 747 2138 documenta
768 2077 873 2138 dature

152 2155 254 2220 morte'
279 2160 328 2234 ait,
348 2153 416 2221 ‘ede
438 2170 520 2222 tunm
544 2180 651 2223 nomen
676 2179 846 2240 nomenque
869 2169 1022 2264 parentum

151 2254 180 2305 et
201 2245 335 2326 patriam,
357 2244 506 2348 morisque
528 2247 595 2307 novi
617 2265 670 2307 our
690 2265 773 2308 sacra
794 2239 984 2348 trequentes.³

150 2328 200 2389 ille
222 2339 304 2390 metu
325 2349 434 2391 vacuus
452 2325 575 2392 ‘nomen
598 2321 676 2391 mibi’
702 2332 774 2393 dixit
794 2322 942 2402 ‘Acoetes

150 2413 243 2495 patria
267 2415 399 2476 Maeonia
421 2424 474 2487 est,
496 2415 600 2477 humili
622 2416 659 2476 de
681 2416 767 2496 plebe
789 2424 939 2497 parentes.

150 2517 211 2559 non
233 2499 305 2560 milri
328 2517 403 2579 quae
425 2500 492 2561 duri
511 2500 644 2562 colerent
666 2509 748 2581 pater
767 2519 834 2562 arra
858 2499 983 2571 iuvenci,

102 2585 107 2593 '
149 2583 331 2663 lanigerosve
352 2603 465 2664 greges,
480 2604 549 2648 ,non
573 2585 630 2646 ulla
652 2595 784 2646 armenta
807 2584 943 2665 reliquit:

147 2687 261 2749 pauper
283 2677 312 2729 et
333 2669 398 2749 ipse
420 2670 475 2732 luit
495 2670 617 2751 linoque
638 2670 751 2732 solebat
772 2679 803 2730 et
823 2670 919 2731 hamis

146 2753 284 2835 decipere
306 2763 336 2814 et
356 2753 467 2816 calamo
489 2754 627 2817 salientes
648 2756 756 2817 ducere
778 2756 885 2835 pisces.

146 2857 194 2899 ars
216 2837 258 2898 illi
280 2857 333 2900 sua
356 2857 462 2900 census
483 2849 553 2901 erat.
597 2859 663 2901 cum
686 2841 813 2901 traderet
834 2849 936 2912 artem,

147 2924 268 3004 „accipe
290 2942 364 3003 quas
385 2923 488 2997 habeo,
511 2924 599 2986 studii
621 2943 775 2986 successor
796 2933 826 2985 et
846 2925 963 2996 heres“‚

145 3008 217 3069 dixit
240 3012 363 3088 „opes.“
408 3010 597 3090 moriensque
618 3010 690 3071 mihi
713 3008 754 3070 nil
776 3008 826 3069 ille
848 3008 967 3089 reliquit

145 3102 262 3174 praeter
282 3110 388 3174 aquas:
412 3112 504 3155 unum
526 3095 583 3155 hoc
606 3113 726 3174 possum
748 3093 897 3174 appellare
919 3103 1084 3173 paternum.

145 3195 212 3238 mox
235 3195 300 3257 ego,
324 3196 361 3238 ne
383 3179 512 3259 scopulis
533 3180 684 3240 haererem
706 3185 824 3259 'semper
846 3178 877 3237 in
900 3177 1003 3251 isdem,

144 3263 268 3325 addidici
290 3263 422 3342 regimen
443 3265 544 3326 dextra
567 3264 736 3325 moderante
758 3263 875 3324 carinae

149 3381 347 3394 ——n

212 3435 259 3486 561
280 3429 489 3485 totis-Thebis
506 3433 533 3492 (o
550 3428 639 3481 et‘l'i
649 3434 683 3494 r.)
694 3428 720 3479 Μ
772 3433 822 3481 565
840 3428 994 3508 lmsteraque
1012 3428 1038 3480 Μ
1088 3431 1137 3481 566
1155 3432 1214 3492 ret]

398 3495 462 3550 lre
690 3496 701 3549 l
720 3497 886 3549 remoramina

141 3583 216 3636 recep
218 3563 279 3619 tal
329 3570 377 3622 567
398 3565 596 3632 modereminaq:
614 3562 640 3615 Μ
685 3565 941 3632 moderaminaquee
984 3561 1215 3645 moderaminaql.

142 3639 187 3689 571
200 3584 278 3688 obice
290 3635 318 3694 (b
330 3652 365 3686 ex
377 3639 404 3699 u)
416 3632 441 3685 Μ
484 3636 534 3684 574
547 3632 669 3685 famulum
682 3634 852 3700 comitemque
869 3652 883 3683 ε
928 3637 978 3686 575
991 3633 1047 3700 lig]
1060 3631 1180 3685 revinctis
1198 3628 1215 3683 l.

142 3706 192 3757 576
207 3702 369 3772 quondamA
399 3701 675 3753 creatuturam.
706 3701 818 3753 Versum
831 3701 1025 3752 deleortllems
1069 3705 1118 3754 577
1131 3699 1214 3752 oculis

141 3767 305 3826 Pentheus).
350 3773 400 3823 58⁰
419 3768 556 3838 parentisa
602 3771 651 3862 58ι
669 3769 803 3822 aehetese
849 3769 1116 3837 5851anigerosquee
1162 3770 1213 3821 586

125 3893 157 3933 et
169 3854 240 3948 rpsd
249 3892 353 3937 omino
368 3887 426 3954 ruti,
447 3891 477 3940 e‘n
494 3903 581 3954 marg
599 3886 661 3958 qde
679 3887 704 3940 tt
763 3891 814 3942 590
831 3906 902 3945 eres
936 3888 1014 3940 nichil
1032 3887 1058 3940 Μ
