2692 4230
90 115 152 179 256
256 76 258 81 v
562 122 722 180 ΜΕΤΔΜΜ.
880 139 1002 181 inurere.
1031 141 1161 182 emerere

51 313 54 316 ⁴
90 292 193 358 umbra
213 295 279 359 luit.
322 292 374 360 sed
397 305 429 360 et
448 292 555 358 umbre
575 300 676 353 umen
697 293 853 357 manifesta
874 295 988 376 virique

89 397 157 442 nera
178 380 245 444 mei.
290 401 350 445 non
373 380 423 443 ille
445 377 575 458 quidem,
596 375 622 436 si
645 376 773 455 quaeris,
793 379 921 444 habebat

90 463 227 528 adsuetos
247 466 355 540 vultus,
378 481 435 526 nee
456 478 516 540 quo
537 458 632 540 prius,
654 477 707 521 ure
727 460 858 526 nitebat:

89 549 248 631 pallentem
271 550 444 626 nudumque
465 551 496 604 et
515 542 611 605 adhue
632 552 755 605 umente
776 549 882 629 capillo

90 634 191 696 infelix
212 634 280 708 ridi.
323 628 406 694 stetit
425 628 485 690 hoe
505 626 682 690 miserabilis
703 627 769 708 ipso

90 737 160 781 ecee
179 717 267 780 loeo“
290 749 333 761 -
355 720 385 775 et
405 711 532 793 quaerit,
554 711 674 793 vestigia
696 711 782 793 siqua
802 718 964 796 supersint

91 803 169 880 „hoe
190 810 262 874 erat,
284 800 351 872 hoe,
373 797 472 858 animo
494 799 573 879 quod
596 797 746 860 divinante
767 797 916 878 timebam,

91 897 120 949 et
141 905 189 961 ne,
210 902 260 946 me
281 882 409 962 fugiens,
429 893 533 945 ventos
554 901 722 966 sequerere,
742 883 893 961 rogabam.
1118 897 1162 950 sus

90 981 120 1033 at
141 979 219 1032 certe
239 966 354 1042 vellem,
377 967 516 1048 quoniam
539 970 691 1050 periturus
711 966 823 1042 abibas,

91 1073 139 1116 me
160 1069 280 1133 quoque
302 1051 444 1113 duxisses.
487 1052 614 1116 multum
634 1054 692 1116 luit
711 1050 785 1114 utile
804 1061 903 1114 tecum

91 1139 135 1200 ire
156 1135 244 1198 mihis
268 1154 366 1217 neque
387 1135 467 1199 enim
490 1136 622 1201 desitne
644 1149 778 1218 tempore
799 1136 956 1218 quiequam

91 1239 152 1284 non
175 1219 264 1283 simul
285 1220 419 1301 egissem,
442 1240 499 1285 nee
520 1240 601 1285 mors
622 1223 748 1286 discreta
769 1221 882 1285 luisset.

91 1323 172 1367 nune
193 1304 301 1367 absens
322 1306 408 1388 perii,
430 1306 523 1370 iactor
545 1327 665 1390 quoqne
685 1307 826 1371 fluetibus
846 1306 962 1384 absens,
1121 1321 1164 1371 ruu

92 1399 120 1452 et
141 1389 206 1452 sine
227 1409 275 1453 me
296 1409 343 1454 me
365 1399 476 1474 pontus
496 1391 593 1456 habet.
638 1391 787 1456 crudelior
808 1393 873 1474 ipsn

91 1474 130 1537 sit
150 1475 222 1537 mihi
244 1495 328 1539 mens
349 1477 466 1559 pelago,
483 1478 513 1540 si
535 1477 626 1540 vitam
647 1478 757 1539 dueere
779 1479 856 1541 nitar

26 1635 28 1641 s
92 1559 210 1641 longius
233 1569 263 1624 et
284 1569 365 1624 tanto
387 1579 519 1642 pugnem
541 1579 697 1642 superesse
719 1559 826 1624 dolori.

92 1646 143 1708 sed
165 1664 262 1726 neque
284 1644 434 1727 pugnabo,
457 1662 513 1706 nec
535 1654 575 1720 te,
596 1644 774 1720 miserande,
795 1645 960 1727 relinquam

92 1739 122 1793 et
142 1729 194 1792 tibi
219 1747 300 1791 nune
321 1727 422 1791 saltem
443 1727 558 1791 reniam
581 1747 691 1791 eomes.
733 1728 826 1810 inque
848 1730 984 1811 sepulern
1122 1743 1164 1794 105

91 1814 117 1876 si
138 1832 200 1875 nun
223 1832 308 1890 urna,
330 1822 428 1876 tamen
450 1813 555 1893 iunget
576 1832 633 1876 nos
654 1813 769 1890 littern;
791 1813 817 1876 si
839 1833 900 1876 nnn

92 1897 209 1960 ossibus
231 1917 296 1961 ossa
318 1899 403 1973 meis,
424 1909 455 1962 at
472 1917 584 1961 ‘nomen
607 1899 730 1961 nomine
751 1902 899 1980 tanqam.“

92 1982 177 2065 plura
198 1983 284 2045 delur
305 1983 453 2065 prohibet,
474 1983 625 2064 verboque
647 1984 805 2046 intervenit
827 1984 909 2045 omni

93 2067 228 2150 plangor,
250 2080 280 2130 et
301 2068 425 2131 attonitu
448 2068 577 2148 gemitus
597 2086 614 2129 a
637 2069 728 2129 eorde
749 2069 916 2131 trahuntur.

176 2153 262 2215 Mane
284 2163 355 2228 erat,
378 2153 528 2232 egreditur
549 2153 635 2215 tectis
656 2153 692 2215 ad
715 2151 786 2215 litus
809 2161 839 2215 et
859 2152 942 2214 illum
1123 2162 1166 2214 110

92 2246 202 2300 maesta
224 2236 322 2300 loeum
344 2238 460 2318 repetit,
483 2239 518 2299 de
541 2256 600 2318 qun
622 2246 770 2319 spectarat
791 2245 920 2300 euntem.

92 2324 221 2404 dumque
243 2332 374 2384 moratur
397 2322 448 2397 ibi,
470 2322 600 2403 dumque
623 2323 694 2399 „hie
714 2322 877 2386 retinacula
899 2321 994 2400 solvit,

91 2407 241 2470 heumihi
264 2407 418 2470 discedens
439 2407 519 2469 dedit
540 2407 640 2470 escula
662 2406 770 2470 litore“
793 2408 873 2482 dicit,
1124 2416 1167 2467 110

93 2492 250 2573 prospicit:
273 2493 304 2554 in
327 2492 447 2573 liquida,
470 2492 565 2573 spatio
587 2492 724 2568 distante,
747 2502 848 2556 tuetur
1123 2501 1166 2552 115

93 2577 192 2638 neseio
215 2577 286 2658 quid
309 2577 392 2657 quasi
414 2595 534 2670 cerpus,
556 2596 641 2658 aqua.
686 2578 853 2659 primoque,
876 2576 946 2658 quid
968 2576 1040 2638 illud

93 2672 178 2736 esset,
201 2670 264 2722 erat
285 2660 417 2723 dubium.
460 2671 619 2744 postquam
642 2662 764 2743 paulum
786 2661 900 2744 adpulit
920 2661 1009 2736 unda,

93 2755 132 2822 et,
155 2746 287 2827 quamvis
307 2746 419 2820 aberat,
441 2765 551 2827 eorpus
570 2756 670 2809 tamen
694 2767 760 2810 esse
781 2747 921 2829 liquebat,

94 2831 144 2912 qui
166 2831 252 2907 ieret,
274 2831 425 2910 ignorans,
448 2832 517 2912 quin
539 2832 710 2911 nauiragus,
732 2832 832 2894 omine
853 2841 932 2893 mota
955 2839 999 2894 est

94 2926 132 2989 et,
154 2924 301 2997 umquam
325 2915 426 2996 ignoto
448 2915 597 2979 lacrimam
621 2919 713 2993 daret,
737 2918 832 2994 „heul
854 2917 976 2990 miser“,
998 2915 1094 2997 inquit
1121 2925 1164 2975 710
1202 2937 1207 2946 ·

236 3095 309 3150 ituit

162 3167 211 3219 080
241 3165 338 3232 sugite
388 3167 437 3220 691
457 3165 647 3235 pallentemque
665 3172 692 3219 et
709 3165 793 3220 adhuc
810 3165 987 3234 nudumquer
1044 3167 1094 3219 602
1112 3164 1167 3232 ipse

94 3231 119 3285 it
171 3236 220 3287 095
239 3233 377 3300 ingerere
429 3236 480 3287 096
498 3235 628 3303 quoniam]
647 3230 785 3302 quandoi
844 3238 892 3288 007
911 3237 952 3286 eie
967 3231 994 3286 Μ
1045 3232 1103 3285 dux.
1132 3238 1168 3283 te·

95 3301 230 3354 cum-luit
249 3301 311 3353 utile
330 3297 383 3353 ti
443 3300 467 3354 d.
486 3301 711 3355 luithociuitu.
730 3307 781 3354 te
844 3301 868 3355 d.
888 3301 1130 3367 tumtumluitu.
1150 3305 1168 3350 1.

93 3369 289 3436 eertprr'tllr‘ese
341 3371 390 3422 700
407 3369 480 3436 perii}
499 3369 615 3438 pentill
669 3385 779 3438 perena
830 3373 878 3422 701
897 3385 939 3422 me
957 3369 1018 3422 tec
1070 3383 1168 3421 meme

632 3453 739 3507 idolori

95 3523 164 3573 cuni.
181 3521 271 3573 didm.
322 3527 348 3573 te
366 3536 407 3573 me
425 3520 522 3574 lieris.¹
573 3525 624 3574 703
648 3522 771 3575 meritur
825 3525 875 3576 701
893 3517 1069 3575 miserendal
1119 3524 1168 3573 707

95 3604 187 3642 nemen
205 3603 299 3643 nomeu
317 3590 419 3643 nomine
436 3588 462 3642 ll
515 3594 564 3644 700
582 3594 607 3656 a]
625 3606 641 3643 e
659 3591 749 3642 Heius.
810 3593 860 3643 'ill
878 3586 1027 3642 moratusi
1079 3589 1170 3645 hince

96 3660 145 3709 710
163 3653 266 3709 dixttll
313 3664 377 3724 poet
393 3659 465 3710 dune
482 3675 587 3710 nereum
604 3663 632 3709 in
651 3655 678 3710 lli
695 3661 761 3710 haee
776 3664 854 3711 eunt.-
872 3673 938 3726 quae
956 3656 1016 3710 dum
1036 3664 1088 3711 tola
1106 3657 1169 3708 loeis

94 3724 264 3777 reminiscitur
281 3731 337 3778 ecta
356 3725 514 3794 fretumque,
535 3730 564 3778 iu
583 3746 597 3784 ς
613 3729 654 3778 eie
669 3731 790 3778 mauu.-
812 3725 924 3794 dumque
943 3731 1032 3778 nauta
1050 3725 1132 3778 oeulis
1149 3741 1169 3777 r.

95 3807 118 3844 e.
131 3792 174 3852 lr.;
192 3809 262 3860 quae
272 3793 410 3846 Ileimium
421 3799 529 3846 secretus
545 3800 577 3846 ut
593 3794 751 3846 adulterina
766 3798 867 3846 emovi
918 3797 967 3848 716
985 3798 1062 3864 aqua]
1079 3792 1169 3846 eratltl

96 3857 167 3928 quid]
185 3859 292 3929 quodid
344 3878 495 3930 quentiae
547 3862 608 3931 qnid
627 3864 654 3915 in
671 3861 766 3915 illude
818 3864 868 3916 719
886 3857 979 3931 quisi
1030 3859 1168 3916 hominell
