<?xml version="1.0" encoding="UTF-8"?>
<!DOCTYPE html PUBLIC "-//W3C//DTD XHTML 1.0 Transitional//EN"
    "http://www.w3.org/TR/xhtml1/DTD/xhtml1-transitional.dtd">
<html xmlns="http://www.w3.org/1999/xhtml" xml:lang="en" lang="en">
 <head>
  <title>
</title>
<meta http-equiv="Content-Type" content="text/html;charset=utf-8" />
  <meta name='ocr-system' content='tesseract 3.04.00' />
  <meta name='ocr-capabilities' content='ocr_page ocr_carea ocr_par ocr_line ocrx_word'/>
</head>
<body>
  <div class='ocr_page' id='page_1' title='image "./povidinasonisme00korngoog_0107.png"; bbox 0 0 2692 4230; ppageno 0'>
   <div class='ocr_carea' id='block_1_1' title="bbox 121 126 1194 192">
    <p class='ocr_par' dir='ltr' id='par_1_1' title="bbox 121 126 1194 192">
     <span class='ocr_line' id='line_1_1' title="bbox 121 126 1194 192; baseline 0.009 -9"><span class='ocrx_word' id='word_1_1' title='bbox 121 126 165 189; x_wconf 81' lang='lat'><strong>90</strong></span> <span class='ocrx_word' id='word_1_2' title='bbox 580 132 731 187; x_wconf 82' lang='grc' dir='ltr'><strong>ΜΕΤΑΜΜ.</strong></span> <span class='ocrx_word' id='word_1_3' title='bbox 924 151 1011 189; x_wconf 77' lang='lat' dir='ltr'><strong>artis,</strong></span> <span class='ocrx_word' id='word_1_4' title='bbox 1042 154 1194 192; x_wconf 75' lang='lat' dir='ltr'><strong>asnnonena</strong></span> 
     </span>
    </p>
   </div>
   <div class='ocr_carea' id='block_1_2' title="bbox 119 297 1010 718">
    <p class='ocr_par' dir='ltr' id='par_1_2' title="bbox 119 297 1010 718">
     <span class='ocr_line' id='line_1_2' title="bbox 124 297 986 386; baseline 0.001 -20"><span class='ocrx_word' id='word_1_5' title='bbox 124 304 286 385; x_wconf 80' lang='lat' dir='ltr'><strong>hospitium</strong></span> <span class='ocrx_word' id='word_1_6' title='bbox 307 306 498 386; x_wconf 81' lang='lat' dir='ltr'><strong>requiemque</strong></span> <span class='ocrx_word' id='word_1_7' title='bbox 519 297 608 381; x_wconf 74' lang='lat' dir='ltr'><strong>peto?</strong></span> <span class='ocrx_word' id='word_1_8' title='bbox 652 306 836 368; x_wconf 73' lang='lat' dir='ltr'><strong>memor&#39;ille</strong></span> <span class='ocrx_word' id='word_1_9' title='bbox 857 314 986 369; x_wconf 79' lang='lat' dir='ltr'><strong>vetustae</strong></span> 
     </span>
     <span class='ocr_line' id='line_1_3' title="bbox 123 384 989 454; baseline 0.006 -4"><span class='ocrx_word' id='word_1_10' title='bbox 123 391 212 451; x_wconf 89' lang='lat' dir='ltr'><strong>sortis</strong></span> <span class='ocrx_word' id='word_1_11' title='bbox 234 400 310 452; x_wconf 88' lang='lat' dir='ltr'><strong>erat:</strong></span> <span class='ocrx_word' id='word_1_12' title='bbox 333 390 450 452; x_wconf 82' lang='lat' dir='ltr'><strong>Themis</strong></span> <span class='ocrx_word' id='word_1_13' title='bbox 472 389 547 447; x_wconf 91' lang='lat' dir='ltr'><strong>hano</strong></span> <span class='ocrx_word' id='word_1_14' title='bbox 568 384 686 445; x_wconf 84' lang='lat' dir='ltr'><strong>dederat</strong></span> <span class='ocrx_word' id='word_1_15' title='bbox 707 384 844 453; x_wconf 88' lang='lat' dir='ltr'><strong>Parnasia</strong></span> <span class='ocrx_word' id='word_1_16' title='bbox 866 401 989 454; x_wconf 82' lang='lat' dir='ltr'><strong>sortem:</strong></span> 
     </span>
     <span class='ocr_line' id='line_1_4' title="bbox 119 466 924 556; baseline 0 -21"><span class='ocrx_word' id='word_1_17' title='bbox 119 466 262 556; x_wconf 68' lang='lat' dir='ltr'><strong>‘tempus</strong></span> <span class='ocrx_word' id='word_1_18' title='bbox 285 476 358 546; x_wconf 84' lang='lat' dir='ltr'><strong>htla,</strong></span> <span class='ocrx_word' id='word_1_19' title='bbox 379 472 485 535; x_wconf 82' lang='lat' dir='ltr'><strong>veniet,</strong></span> <span class='ocrx_word' id='word_1_20' title='bbox 508 479 555 529; x_wconf 87' lang='lat' dir='ltr'><strong>tua</strong></span> <span class='ocrx_word' id='word_1_21' title='bbox 578 487 637 548; x_wconf 91' lang='lat' dir='ltr'><strong>quo</strong></span> <span class='ocrx_word' id='word_1_22' title='bbox 660 468 832 549; x_wconf 90' lang='lat' dir='ltr'><strong>spoliabitur</strong></span> <span class='ocrx_word' id='word_1_23' title='bbox 853 496 924 539; x_wconf 84' lang='lat' dir='ltr'><strong>auro</strong></span> 
     </span>
     <span class='ocr_line' id='line_1_5' title="bbox 123 551 1010 636; baseline 0.006 -17"><span class='ocrx_word' id='word_1_24' title='bbox 123 559 221 633; x_wconf 89' lang='lat' dir='ltr'><strong>arbor,</strong></span> <span class='ocrx_word' id='word_1_25' title='bbox 244 570 274 621; x_wconf 92' lang='lat' dir='ltr'><strong>et</strong></span> <span class='ocrx_word' id='word_1_26' title='bbox 295 561 373 622; x_wconf 94' lang='lat' dir='ltr'><strong>hunc</strong></span> <span class='ocrx_word' id='word_1_27' title='bbox 395 554 518 636; x_wconf 78' lang='lat' dir='ltr'><strong>praedae</strong></span> <span class='ocrx_word' id='word_1_28' title='bbox 540 554 656 615; x_wconf 90' lang='lat' dir='ltr'><strong>titulum</strong></span> <span class='ocrx_word' id='word_1_29' title='bbox 679 553 746 614; x_wconf 82' lang='lat' dir='ltr'><strong>love</strong></span> <span class='ocrx_word' id='word_1_30' title='bbox 769 567 854 621; x_wconf 89' lang='lat' dir='ltr'><strong>natus</strong></span> <span class='ocrx_word' id='word_1_31' title='bbox 876 551 1010 623; x_wconf 84' lang='lat' dir='ltr'><strong>habebit‘</strong></span> 
     </span>
     <span class='ocr_line' id='line_1_6' title="bbox 122 639 849 718; baseline 0 -14"><span class='ocrx_word' id='word_1_32' title='bbox 122 643 153 704; x_wconf 89' lang='lat' dir='ltr'><strong>id</strong></span> <span class='ocrx_word' id='word_1_33' title='bbox 175 653 310 705; x_wconf 90' lang='lat' dir='ltr'><strong>metuens</strong></span> <span class='ocrx_word' id='word_1_34' title='bbox 331 640 432 704; x_wconf 90' lang='lat' dir='ltr'><strong>solidis</strong></span> <span class='ocrx_word' id='word_1_35' title='bbox 454 639 583 718; x_wconf 90' lang='lat' dir='ltr'><strong>pomaria</strong></span> <span class='ocrx_word' id='word_1_36' title='bbox 605 639 747 700; x_wconf 81' lang='lat' dir='ltr'><strong>clauserat</strong></span> <span class='ocrx_word' id='word_1_37' title='bbox 769 642 849 704; x_wconf 83' lang='lat' dir='ltr'><strong>htlas</strong></span> 
     </span>
    </p>
   </div>
   <div class='ocr_carea' id='block_1_3' title="bbox 118 723 1190 3177">
    <p class='ocr_par' dir='ltr' id='par_1_3' title="bbox 120 723 1070 2073">
     <span class='ocr_line' id='line_1_7' title="bbox 123 723 870 790; baseline 0 -2"><span class='ocrx_word' id='word_1_38' title='bbox 123 728 279 790; x_wconf 87' lang='lat' dir='ltr'><strong>moenibus</strong></span> <span class='ocrx_word' id='word_1_39' title='bbox 301 738 330 788; x_wconf 92' lang='lat' dir='ltr'><strong>et</strong></span> <span class='ocrx_word' id='word_1_40' title='bbox 351 733 429 785; x_wconf 80' lang='lat' dir='ltr'><strong>vasto</strong></span> <span class='ocrx_word' id='word_1_41' title='bbox 452 723 570 784; x_wconf 84' lang='lat' dir='ltr'><strong>dederat</strong></span> <span class='ocrx_word' id='word_1_42' title='bbox 591 725 729 786; x_wconf 86' lang='lat' dir='ltr'><strong>servanda</strong></span> <span class='ocrx_word' id='word_1_43' title='bbox 752 725 870 788; x_wconf 88' lang='lat' dir='ltr'><strong>dmconi</strong></span> 
     </span>
     <span class='ocr_line' id='line_1_8' title="bbox 122 809 800 892; baseline -0.009 -18"><span class='ocrx_word' id='word_1_44' title='bbox 122 813 297 892; x_wconf 81' lang='lat' dir='ltr'><strong>arcebatque</strong></span> <span class='ocrx_word' id='word_1_45' title='bbox 319 810 379 871; x_wconf 90' lang='lat' dir='ltr'><strong>suis</strong></span> <span class='ocrx_word' id='word_1_46' title='bbox 401 817 537 868; x_wconf 85' lang='lat' dir='ltr'><strong>externos</strong></span> <span class='ocrx_word' id='word_1_47' title='bbox 559 809 667 871; x_wconf 85' lang='lat' dir='ltr'><strong>finibus</strong></span> <span class='ocrx_word' id='word_1_48' title='bbox 688 827 800 870; x_wconf 86' lang='lat' dir='ltr'><strong>omnes.</strong></span> 
     </span>
     <span class='ocr_line' id='line_1_9' title="bbox 122 887 983 976; baseline -0.001 -17"><span class='ocrx_word' id='word_1_49' title='bbox 122 898 192 958; x_wconf 89' lang='lat' dir='ltr'><strong>huie</strong></span> <span class='ocrx_word' id='word_1_50' title='bbox 215 912 333 976; x_wconf 92' lang='lat' dir='ltr'><strong>quoque</strong></span> <span class='ocrx_word' id='word_1_51' title='bbox 350 887 433 953; x_wconf 88' lang='lat' dir='ltr'><strong>‘vade</strong></span> <span class='ocrx_word' id='word_1_52' title='bbox 455 893 569 971; x_wconf 92' lang='lat' dir='ltr'><strong>procul,</strong></span> <span class='ocrx_word' id='word_1_53' title='bbox 593 913 630 955; x_wconf 89' lang='lat' dir='ltr'><strong>ne</strong></span> <span class='ocrx_word' id='word_1_54' title='bbox 651 895 740 975; x_wconf 83' lang='lat' dir='ltr'><strong>longe</strong></span> <span class='ocrx_word' id='word_1_55' title='bbox 761 893 853 974; x_wconf 79' lang='lat' dir='ltr'><strong>gloria</strong></span> <span class='ocrx_word' id='word_1_56' title='bbox 875 913 983 972; x_wconf 90' lang='lat' dir='ltr'><strong>rerum,</strong></span> 
     </span>
     <span class='ocr_line' id='line_1_10' title="bbox 123 970 921 1061; baseline -0.004 -19"><span class='ocrx_word' id='word_1_57' title='bbox 123 999 211 1061; x_wconf 91' lang='lat' dir='ltr'><strong>quarn</strong></span> <span class='ocrx_word' id='word_1_58' title='bbox 233 973 375 1040; x_wconf 89' lang='lat' dir='ltr'><strong>mentiris’</strong></span> <span class='ocrx_word' id='word_1_59' title='bbox 398 976 448 1049; x_wconf 89' lang='lat' dir='ltr'><strong>ait,</strong></span> <span class='ocrx_word' id='word_1_60' title='bbox 468 970 569 1058; x_wconf 80' lang='lat' dir='ltr'><strong>‘longe</strong></span> <span class='ocrx_word' id='word_1_61' title='bbox 592 980 644 1041; x_wconf 87' lang='lat' dir='ltr'><strong>tibi</strong></span> <span class='ocrx_word' id='word_1_62' title='bbox 666 977 800 1060; x_wconf 91' lang='lat' dir='ltr'><strong>luppiter</strong></span> <span class='ocrx_word' id='word_1_63' title='bbox 820 975 921 1054; x_wconf 83' lang='lat' dir='ltr'><strong>absit’3</strong></span> 
     </span>
     <span class='ocr_line' id='line_1_11' title="bbox 123 1058 978 1146; baseline 0.004 -23"><span class='ocrx_word' id='word_1_64' title='bbox 123 1067 243 1144; x_wconf 78' lang='lat' dir='ltr'><strong>vimque</strong></span> <span class='ocrx_word' id='word_1_65' title='bbox 263 1062 351 1123; x_wconf 91' lang='lat' dir='ltr'><strong>minis</strong></span> <span class='ocrx_word' id='word_1_66' title='bbox 372 1061 451 1122; x_wconf 85' lang='lat' dir='ltr'><strong>addit</strong></span> <span class='ocrx_word' id='word_1_67' title='bbox 472 1064 665 1146; x_wconf 86' lang='lat' dir='ltr'><strong>manibusque</strong></span> <span class='ocrx_word' id='word_1_68' title='bbox 687 1058 834 1145; x_wconf 83' lang='lat' dir='ltr'><strong>expellere</strong></span> <span class='ocrx_word' id='word_1_69' title='bbox 855 1072 978 1144; x_wconf 87' lang='lat' dir='ltr'><strong>temptat</strong></span> 
     </span>
     <span class='ocr_line' id='line_1_12' title="bbox 122 1147 919 1227; baseline -0.003 -17"><span class='ocrx_word' id='word_1_70' title='bbox 122 1156 310 1210; x_wconf 78' lang='lat' dir='ltr'><strong>cunctantem</strong></span> <span class='ocrx_word' id='word_1_71' title='bbox 333 1157 362 1207; x_wconf 88' lang='lat' dir='ltr'><strong>et</strong></span> <span class='ocrx_word' id='word_1_72' title='bbox 382 1147 504 1227; x_wconf 91' lang='lat' dir='ltr'><strong>placidis</strong></span> <span class='ocrx_word' id='word_1_73' title='bbox 526 1149 697 1212; x_wconf 88' lang='lat' dir='ltr'><strong>miscentem</strong></span> <span class='ocrx_word' id='word_1_74' title='bbox 719 1149 804 1211; x_wconf 79' lang='lat' dir='ltr'><strong>fortia</strong></span> <span class='ocrx_word' id='word_1_75' title='bbox 825 1149 919 1210; x_wconf 86' lang='lat' dir='ltr'><strong>dictis.</strong></span> 
     </span>
     <span class='ocr_line' id='line_1_13' title="bbox 122 1231 896 1316; baseline 0.006 -25"><span class='ocrx_word' id='word_1_76' title='bbox 122 1231 234 1292; x_wconf 85' lang='lat' dir='ltr'><strong>uiribus</strong></span> <span class='ocrx_word' id='word_1_77' title='bbox 256 1231 377 1292; x_wconf 78' lang='lat' dir='ltr'><strong>interior</strong></span> <span class='ocrx_word' id='word_1_78' title='bbox 396 1232 476 1313; x_wconf 88' lang='lat' dir='ltr'><strong>(quis</strong></span> <span class='ocrx_word' id='word_1_79' title='bbox 497 1234 575 1295; x_wconf 90' lang='lat' dir='ltr'><strong>enim</strong></span> <span class='ocrx_word' id='word_1_80' title='bbox 597 1255 651 1316; x_wconf 90' lang='lat' dir='ltr'><strong>par</strong></span> <span class='ocrx_word' id='word_1_81' title='bbox 672 1244 749 1296; x_wconf 90' lang='lat' dir='ltr'><strong>esset</strong></span> <span class='ocrx_word' id='word_1_82' title='bbox 771 1233 896 1296; x_wconf 81' lang='lat' dir='ltr'><strong>Atlantis</strong></span> 
     </span>
     <span class='ocr_line' id='line_1_14' title="bbox 122 1308 981 1400; baseline 0.005 -25"><span class='ocrx_word' id='word_1_83' title='bbox 122 1312 268 1390; x_wconf 83' lang='lat' dir='ltr'><strong>viribusl)</strong></span> <span class='ocrx_word' id='word_1_84' title='bbox 287 1308 329 1377; x_wconf 90' lang='lat' dir='ltr'><strong>‘at</strong></span> <span class='ocrx_word' id='word_1_85' title='bbox 350 1317 489 1397; x_wconf 88' lang='lat' dir='ltr'><strong>quoniam</strong></span> <span class='ocrx_word' id='word_1_86' title='bbox 512 1321 591 1400; x_wconf 86' lang='lat' dir='ltr'><strong>parri</strong></span> <span class='ocrx_word' id='word_1_87' title='bbox 614 1319 667 1381; x_wconf 90' lang='lat' dir='ltr'><strong>tibi</strong></span> <span class='ocrx_word' id='word_1_88' title='bbox 689 1319 780 1398; x_wconf 80' lang='lat' dir='ltr'><strong>gratia</strong></span> <span class='ocrx_word' id='word_1_89' title='bbox 804 1329 904 1382; x_wconf 90' lang='lat' dir='ltr'><strong>nostra</strong></span> <span class='ocrx_word' id='word_1_90' title='bbox 926 1327 981 1392; x_wconf 91' lang='lat' dir='ltr'><strong>est,</strong></span> 
     </span>
     <span class='ocr_line' id='line_1_15' title="bbox 121 1397 945 1484; baseline 0.006 -22"><span class='ocrx_word' id='word_1_91' title='bbox 121 1400 223 1481; x_wconf 86' lang='lat' dir='ltr'><strong>accipe</strong></span> <span class='ocrx_word' id='word_1_92' title='bbox 245 1397 360 1462; x_wconf 90' lang='lat' dir='ltr'><strong>munus&#39;</strong></span> <span class='ocrx_word' id='word_1_93' title='bbox 384 1404 433 1477; x_wconf 86' lang='lat' dir='ltr'><strong>ait,</strong></span> <span class='ocrx_word' id='word_1_94' title='bbox 455 1403 592 1483; x_wconf 87' lang='lat' dir='ltr'><strong>laevaque</strong></span> <span class='ocrx_word' id='word_1_95' title='bbox 613 1423 630 1464; x_wconf 92' lang='lat' dir='ltr'><strong>a</strong></span> <span class='ocrx_word' id='word_1_96' title='bbox 653 1413 734 1484; x_wconf 87' lang='lat' dir='ltr'><strong>parte</strong></span> <span class='ocrx_word' id='word_1_97' title='bbox 755 1403 892 1467; x_wconf 81' lang='lat' dir='ltr'><strong>Medusae</strong></span> <span class='ocrx_word' id='word_1_98' title='bbox 944 1401 945 1405; x_wconf 64' lang='grc'>’</span> 
     </span>
     <span class='ocr_line' id='line_1_16' title="bbox 122 1486 803 1568; baseline 0.003 -22"><span class='ocrx_word' id='word_1_99' title='bbox 122 1486 186 1566; x_wconf 93' lang='lat' dir='ltr'><strong>ipse</strong></span> <span class='ocrx_word' id='word_1_100' title='bbox 208 1494 386 1549; x_wconf 84' lang='lat' dir='ltr'><strong>retroversus</strong></span> <span class='ocrx_word' id='word_1_101' title='bbox 408 1487 568 1567; x_wconf 84' lang='lat' dir='ltr'><strong>squalentia</strong></span> <span class='ocrx_word' id='word_1_102' title='bbox 591 1488 711 1568; x_wconf 86' lang='lat' dir='ltr'><strong>protulit</strong></span> <span class='ocrx_word' id='word_1_103' title='bbox 735 1489 803 1549; x_wconf 83' lang='lat' dir='ltr'><strong>ora.&#39;</strong></span> 
     </span>
     <span class='ocr_line' id='line_1_17' title="bbox 121 1572 1070 1652; baseline 0.003 -21"><span class='ocrx_word' id='word_1_104' title='bbox 121 1579 252 1650; x_wconf 90' lang='lat' dir='ltr'><strong>quantus</strong></span> <span class='ocrx_word' id='word_1_105' title='bbox 273 1583 343 1645; x_wconf 90' lang='lat' dir='ltr'><strong>erat,</strong></span> <span class='ocrx_word' id='word_1_106' title='bbox 365 1591 450 1632; x_wconf 89' lang='lat' dir='ltr'><strong>mons</strong></span> <span class='ocrx_word' id='word_1_107' title='bbox 473 1572 567 1632; x_wconf 86' lang='lat' dir='ltr'><strong>lactus</strong></span> <span class='ocrx_word' id='word_1_108' title='bbox 590 1572 684 1634; x_wconf 84' lang='lat' dir='ltr'><strong>htlas:</strong></span> <span class='ocrx_word' id='word_1_109' title='bbox 708 1590 776 1632; x_wconf 91' lang='lat' dir='ltr'><strong>nam</strong></span> <span class='ocrx_word' id='word_1_110' title='bbox 799 1572 889 1633; x_wconf 91' lang='lat' dir='ltr'><strong>barba</strong></span> <span class='ocrx_word' id='word_1_111' title='bbox 910 1590 1070 1652; x_wconf 85' lang='lat' dir='ltr'><strong>comaeque</strong></span> 
     </span>
     <span class='ocr_line' id='line_1_18' title="bbox 122 1655 950 1735; baseline 0 -19"><span class='ocrx_word' id='word_1_112' title='bbox 122 1656 153 1716; x_wconf 91' lang='lat' dir='ltr'><strong>in</strong></span> <span class='ocrx_word' id='word_1_113' title='bbox 176 1655 262 1717; x_wconf 84' lang='lat' dir='ltr'><strong>silvas</strong></span> <span class='ocrx_word' id='word_1_114' title='bbox 283 1656 401 1723; x_wconf 85' lang='lat' dir='ltr'><strong>abeunt,</strong></span> <span class='ocrx_word' id='word_1_115' title='bbox 424 1657 491 1732; x_wconf 82' lang='lat' dir='ltr'><strong>iuga</strong></span> <span class='ocrx_word' id='word_1_116' title='bbox 512 1665 582 1715; x_wconf 91' lang='lat' dir='ltr'><strong>sunt</strong></span> <span class='ocrx_word' id='word_1_117' title='bbox 603 1655 755 1733; x_wconf 90' lang='lat' dir='ltr'><strong>umerique</strong></span> <span class='ocrx_word' id='word_1_118' title='bbox 777 1673 950 1735; x_wconf 90' lang='lat' dir='ltr'><strong>manusque,</strong></span> 
     </span>
     <span class='ocr_line' id='line_1_19' title="bbox 122 1740 1041 1821; baseline 0 -20"><span class='ocrx_word' id='word_1_119' title='bbox 122 1741 201 1821; x_wconf 93' lang='lat' dir='ltr'><strong>quod</strong></span> <span class='ocrx_word' id='word_1_120' title='bbox 224 1750 313 1819; x_wconf 86' lang='lat' dir='ltr'><strong>caput</strong></span> <span class='ocrx_word' id='word_1_121' title='bbox 333 1751 402 1800; x_wconf 91' lang='lat' dir='ltr'><strong>ante</strong></span> <span class='ocrx_word' id='word_1_122' title='bbox 423 1740 488 1808; x_wconf 87' lang='lat' dir='ltr'><strong>luit,</strong></span> <span class='ocrx_word' id='word_1_123' title='bbox 510 1757 623 1799; x_wconf 89' lang='lat' dir='ltr'><strong>summo</strong></span> <span class='ocrx_word' id='word_1_124' title='bbox 646 1749 691 1799; x_wconf 92' lang='lat' dir='ltr'><strong>est</strong></span> <span class='ocrx_word' id='word_1_125' title='bbox 713 1741 743 1800; x_wconf 93' lang='lat' dir='ltr'><strong>in</strong></span> <span class='ocrx_word' id='word_1_126' title='bbox 767 1750 868 1801; x_wconf 89' lang='lat' dir='ltr'><strong>monte</strong></span> <span class='ocrx_word' id='word_1_127' title='bbox 889 1759 1041 1814; x_wconf 82' lang='lat' dir='ltr'><strong>cacumen,</strong></span> 
     </span>
     <span class='ocr_line' id='line_1_20' title="bbox 122 1823 904 1903; baseline 0 -18"><span class='ocrx_word' id='word_1_128' title='bbox 122 1843 188 1886; x_wconf 88' lang='lat' dir='ltr'><strong>ossa</strong></span> <span class='ocrx_word' id='word_1_129' title='bbox 211 1823 286 1903; x_wconf 92' lang='lat' dir='ltr'><strong>lapis</strong></span> <span class='ocrx_word' id='word_1_130' title='bbox 308 1826 398 1885; x_wconf 87' lang='lat' dir='ltr'><strong>liunt:</strong></span> <span class='ocrx_word' id='word_1_131' title='bbox 421 1833 483 1884; x_wconf 89' lang='lat' dir='ltr'><strong>tum</strong></span> <span class='ocrx_word' id='word_1_132' title='bbox 505 1834 602 1902; x_wconf 89' lang='lat' dir='ltr'><strong>partes</strong></span> <span class='ocrx_word' id='word_1_133' title='bbox 623 1831 726 1885; x_wconf 87' lang='lat' dir='ltr'><strong>auctus</strong></span> <span class='ocrx_word' id='word_1_134' title='bbox 748 1824 778 1885; x_wconf 92' lang='lat' dir='ltr'><strong>in</strong></span> <span class='ocrx_word' id='word_1_135' title='bbox 801 1843 904 1886; x_wconf 92' lang='lat' dir='ltr'><strong>omnes</strong></span> 
     </span>
     <span class='ocr_line' id='line_1_21' title="bbox 122 1908 917 1984; baseline 0 -14"><span class='ocrx_word' id='word_1_136' title='bbox 122 1908 213 1970; x_wconf 87' lang='lat' dir='ltr'><strong>crevit</strong></span> <span class='ocrx_word' id='word_1_137' title='bbox 234 1910 265 1968; x_wconf 90' lang='lat' dir='ltr'><strong>ln</strong></span> <span class='ocrx_word' id='word_1_138' title='bbox 289 1910 453 1969; x_wconf 91' lang='lat' dir='ltr'><strong>inmensum</strong></span> <span class='ocrx_word' id='word_1_139' title='bbox 476 1909 531 1982; x_wconf 84' lang='lat' dir='ltr'><strong>(sic</strong></span> <span class='ocrx_word' id='word_1_140' title='bbox 552 1909 580 1970; x_wconf 91' lang='lat' dir='ltr'><strong>di</strong></span> <span class='ocrx_word' id='word_1_141' title='bbox 603 1909 756 1984; x_wconf 85' lang='lat' dir='ltr'><strong>statuistis)</strong></span> <span class='ocrx_word' id='word_1_142' title='bbox 779 1919 807 1970; x_wconf 91' lang='lat' dir='ltr'><strong>et</strong></span> <span class='ocrx_word' id='word_1_143' title='bbox 829 1927 917 1970; x_wconf 91' lang='lat' dir='ltr'><strong>omne</strong></span> 
     </span>
     <span class='ocr_line' id='line_1_22' title="bbox 120 1992 850 2073; baseline 0 -19"><span class='ocrx_word' id='word_1_144' title='bbox 120 2011 189 2054; x_wconf 90' lang='lat' dir='ltr'><strong>cum</strong></span> <span class='ocrx_word' id='word_1_145' title='bbox 211 2002 255 2054; x_wconf 87' lang='lat' dir='ltr'><strong>tot</strong></span> <span class='ocrx_word' id='word_1_146' title='bbox 277 1993 420 2054; x_wconf 88' lang='lat' dir='ltr'><strong>sideribus</strong></span> <span class='ocrx_word' id='word_1_147' title='bbox 442 1992 552 2054; x_wconf 88' lang='lat' dir='ltr'><strong>caelum</strong></span> <span class='ocrx_word' id='word_1_148' title='bbox 574 1994 716 2073; x_wconf 88' lang='lat' dir='ltr'><strong>requierit</strong></span> <span class='ocrx_word' id='word_1_149' title='bbox 737 1994 767 2054; x_wconf 94' lang='lat' dir='ltr'><strong>in</strong></span> <span class='ocrx_word' id='word_1_150' title='bbox 791 1994 850 2054; x_wconf 92' lang='lat' dir='ltr'><strong>illo.</strong></span> 
     </span>
    </p>

    <p class='ocr_par' dir='ltr' id='par_1_4' title="bbox 118 2077 1190 3177">
     <span class='ocr_line' id='line_1_23' title="bbox 207 2077 971 2158; baseline 0.001 -19"><span class='ocrx_word' id='word_1_151' title='bbox 207 2077 356 2139; x_wconf 79' lang='lat' dir='ltr'><strong>Clauserat</strong></span> <span class='ocrx_word' id='word_1_152' title='bbox 378 2077 556 2158; x_wconf 84' lang='lat' dir='ltr'><strong>Hippotades</strong></span> <span class='ocrx_word' id='word_1_153' title='bbox 577 2089 696 2141; x_wconf 92' lang='lat' dir='ltr'><strong>aeterno</strong></span> <span class='ocrx_word' id='word_1_154' title='bbox 720 2097 836 2140; x_wconf 90' lang='lat' dir='ltr'><strong>carcere</strong></span> <span class='ocrx_word' id='word_1_155' title='bbox 858 2091 971 2155; x_wconf 85' lang='lat' dir='ltr'><strong>ventos,</strong></span> 
     </span>
     <span class='ocr_line' id='line_1_24' title="bbox 120 2163 873 2244; baseline 0.001 -20"><span class='ocrx_word' id='word_1_156' title='bbox 120 2163 346 2242; x_wconf 88' lang='lat' dir='ltr'><strong>admonitorque</strong></span> <span class='ocrx_word' id='word_1_157' title='bbox 367 2182 488 2244; x_wconf 91' lang='lat' dir='ltr'><strong>operum</strong></span> <span class='ocrx_word' id='word_1_158' title='bbox 512 2164 592 2224; x_wconf 88' lang='lat' dir='ltr'><strong>caelo</strong></span> <span class='ocrx_word' id='word_1_159' title='bbox 615 2163 792 2224; x_wconf 88' lang='lat' dir='ltr'><strong>clarissimus</strong></span> <span class='ocrx_word' id='word_1_160' title='bbox 814 2164 873 2225; x_wconf 92' lang='lat' dir='ltr'><strong>alto</strong></span> 
     </span>
     <span class='ocr_line' id='line_1_25' title="bbox 120 2248 913 2329; baseline 0.003 -21"><span class='ocrx_word' id='word_1_161' title='bbox 120 2248 226 2308; x_wconf 79' lang='lat' dir='ltr'><strong>lucifer</strong></span> <span class='ocrx_word' id='word_1_162' title='bbox 249 2258 330 2308; x_wconf 90' lang='lat' dir='ltr'><strong>ortus</strong></span> <span class='ocrx_word' id='word_1_163' title='bbox 351 2259 421 2309; x_wconf 93' lang='lat' dir='ltr'><strong>crat.</strong></span> <span class='ocrx_word' id='word_1_164' title='bbox 465 2249 572 2328; x_wconf 88' lang='lat' dir='ltr'><strong>pennis</strong></span> <span class='ocrx_word' id='word_1_165' title='bbox 593 2249 662 2326; x_wconf 85' lang='lat' dir='ltr'><strong>ligat</strong></span> <span class='ocrx_word' id='word_1_166' title='bbox 684 2248 733 2309; x_wconf 92' lang='lat' dir='ltr'><strong>ille</strong></span> <span class='ocrx_word' id='word_1_167' title='bbox 755 2251 913 2329; x_wconf 88' lang='lat' dir='ltr'><strong>resumptis</strong></span> 
     </span>
     <span class='ocr_line' id='line_1_26' title="bbox 120 2331 939 2414; baseline 0.005 -22"><span class='ocrx_word' id='word_1_168' title='bbox 120 2344 203 2413; x_wconf 89' lang='lat' dir='ltr'><strong>parte</strong></span> <span class='ocrx_word' id='word_1_169' title='bbox 225 2331 261 2393; x_wconf 91' lang='lat' dir='ltr'><strong>ab</strong></span> <span class='ocrx_word' id='word_1_170' title='bbox 284 2343 405 2413; x_wconf 89' lang='lat' dir='ltr'><strong>utraque</strong></span> <span class='ocrx_word' id='word_1_171' title='bbox 427 2333 516 2412; x_wconf 91' lang='lat' dir='ltr'><strong>pedes</strong></span> <span class='ocrx_word' id='word_1_172' title='bbox 538 2333 655 2414; x_wconf 89' lang='lat' dir='ltr'><strong>teloque</strong></span> <span class='ocrx_word' id='word_1_173' title='bbox 677 2333 841 2412; x_wconf 85' lang='lat' dir='ltr'><strong>accingitur</strong></span> <span class='ocrx_word' id='word_1_174' title='bbox 861 2352 939 2396; x_wconf 92' lang='lat' dir='ltr'><strong>unce</strong></span> 
     </span>
     <span class='ocr_line' id='line_1_27' title="bbox 119 2417 784 2497; baseline 0 -19"><span class='ocrx_word' id='word_1_175' title='bbox 119 2428 150 2478; x_wconf 91' lang='lat' dir='ltr'><strong>et</strong></span> <span class='ocrx_word' id='word_1_176' title='bbox 171 2417 314 2497; x_wconf 89' lang='lat' dir='ltr'><strong>liquidum</strong></span> <span class='ocrx_word' id='word_1_177' title='bbox 337 2417 422 2478; x_wconf 87' lang='lat' dir='ltr'><strong>molis</strong></span> <span class='ocrx_word' id='word_1_178' title='bbox 445 2417 582 2479; x_wconf 88' lang='lat' dir='ltr'><strong>talaribus</strong></span> <span class='ocrx_word' id='word_1_179' title='bbox 603 2429 669 2479; x_wconf 83' lang='lat' dir='ltr'><strong>aera</strong></span> <span class='ocrx_word' id='word_1_180' title='bbox 691 2419 784 2478; x_wconf 83' lang='lat' dir='ltr'><strong>findit.</strong></span> 
     </span>
     <span class='ocr_line' id='line_1_28' title="bbox 121 2502 923 2582; baseline 0.001 -19"><span class='ocrx_word' id='word_1_181' title='bbox 121 2503 261 2580; x_wconf 81' lang='lat' dir='ltr'><strong>gentibus</strong></span> <span class='ocrx_word' id='word_1_182' title='bbox 282 2502 445 2564; x_wconf 90' lang='lat' dir='ltr'><strong>innumeris</strong></span> <span class='ocrx_word' id='word_1_183' title='bbox 465 2503 635 2582; x_wconf 88' lang='lat' dir='ltr'><strong>circumque</strong></span> <span class='ocrx_word' id='word_1_184' title='bbox 657 2503 792 2582; x_wconf 78' lang='lat' dir='ltr'><strong>infraque</strong></span> <span class='ocrx_word' id='word_1_185' title='bbox 814 2502 923 2564; x_wconf 89' lang='lat' dir='ltr'><strong>relictis</strong></span> 
     </span>
     <span class='ocr_line' id='line_1_29' title="bbox 121 2587 910 2668; baseline -0.001 -20"><span class='ocrx_word' id='word_1_186' title='bbox 121 2588 302 2666; x_wconf 78' lang='lat' dir='ltr'><strong>Aethiopum</strong></span> <span class='ocrx_word' id='word_1_187' title='bbox 325 2587 450 2668; x_wconf 89' lang='lat' dir='ltr'><strong>populos</strong></span> <span class='ocrx_word' id='word_1_188' title='bbox 472 2588 645 2668; x_wconf 86' lang='lat' dir='ltr'><strong>Cepheaque</strong></span> <span class='ocrx_word' id='word_1_189' title='bbox 667 2588 813 2667; x_wconf 87' lang='lat' dir='ltr'><strong>conspicit</strong></span> <span class='ocrx_word' id='word_1_190' title='bbox 835 2606 910 2649; x_wconf 84' lang='lat' dir='ltr'><strong>arra.</strong></span> 
     </span>
     <span class='ocr_line' id='line_1_30' title="bbox 121 2671 828 2752; baseline 0.003 -21"><span class='ocrx_word' id='word_1_191' title='bbox 121 2671 182 2732; x_wconf 89' lang='lat' dir='ltr'><strong>illio</strong></span> <span class='ocrx_word' id='word_1_192' title='bbox 204 2672 367 2732; x_wconf 85' lang='lat' dir='ltr'><strong>inmeritam</strong></span> <span class='ocrx_word' id='word_1_193' title='bbox 390 2684 538 2734; x_wconf 89' lang='lat' dir='ltr'><strong>maternae</strong></span> <span class='ocrx_word' id='word_1_194' title='bbox 560 2674 688 2752; x_wconf 87' lang='lat' dir='ltr'><strong>pendere</strong></span> <span class='ocrx_word' id='word_1_195' title='bbox 710 2672 828 2751; x_wconf 84' lang='lat' dir='ltr'><strong>linguae</strong></span> 
     </span>
     <span class='ocr_line' id='line_1_31' title="bbox 119 2756 893 2835; baseline 0 -19"><span class='ocrx_word' id='word_1_196' title='bbox 119 2756 325 2817; x_wconf 75' lang='lat' dir='ltr'><strong>Andromedan</strong></span> <span class='ocrx_word' id='word_1_197' title='bbox 349 2775 458 2835; x_wconf 86' lang='lat' dir='ltr'><strong>poenas</strong></span> <span class='ocrx_word' id='word_1_198' title='bbox 480 2757 590 2817; x_wconf 90' lang='lat' dir='ltr'><strong>inmitis</strong></span> <span class='ocrx_word' id='word_1_199' title='bbox 612 2758 735 2818; x_wconf 88' lang='lat' dir='ltr'><strong>iusserat</strong></span> <span class='ocrx_word' id='word_1_200' title='bbox 757 2759 893 2817; x_wconf 84' lang='lat' dir='ltr'><strong>hmmon.</strong></span> 
     </span>
     <span class='ocr_line' id='line_1_32' title="bbox 118 2841 932 2921; baseline 0 -19"><span class='ocrx_word' id='word_1_201' title='bbox 118 2859 207 2921; x_wconf 91' lang='lat' dir='ltr'><strong>quam</strong></span> <span class='ocrx_word' id='word_1_202' title='bbox 231 2841 318 2903; x_wconf 89' lang='lat' dir='ltr'><strong>simul</strong></span> <span class='ocrx_word' id='word_1_203' title='bbox 339 2842 374 2902; x_wconf 91' lang='lat' dir='ltr'><strong>ad</strong></span> <span class='ocrx_word' id='word_1_204' title='bbox 398 2841 484 2903; x_wconf 92' lang='lat' dir='ltr'><strong>duras</strong></span> <span class='ocrx_word' id='word_1_205' title='bbox 506 2841 653 2919; x_wconf 85' lang='lat' dir='ltr'><strong>religatam</strong></span> <span class='ocrx_word' id='word_1_206' title='bbox 677 2842 812 2903; x_wconf 90' lang='lat' dir='ltr'><strong>bracchia</strong></span> <span class='ocrx_word' id='word_1_207' title='bbox 833 2850 932 2902; x_wconf 87' lang='lat' dir='ltr'><strong>cautes</strong></span> 
     </span>
     <span class='ocr_line' id='line_1_33' title="bbox 119 2924 916 3006; baseline 0.001 -22"><span class='ocrx_word' id='word_1_208' title='bbox 119 2927 190 2988; x_wconf 86' lang='lat' dir='ltr'><strong>vidit</strong></span> <span class='ocrx_word' id='word_1_209' title='bbox 212 2926 396 2998; x_wconf 76' lang='lat' dir='ltr'><strong>Abantiades,</strong></span> <span class='ocrx_word' id='word_1_210' title='bbox 419 2926 487 3002; x_wconf 90' lang='lat' dir='ltr'><strong>(nisi</strong></span> <span class='ocrx_word' id='word_1_211' title='bbox 511 2928 588 3006; x_wconf 93' lang='lat' dir='ltr'><strong>quod</strong></span> <span class='ocrx_word' id='word_1_212' title='bbox 612 2926 682 2988; x_wconf 83' lang='lat' dir='ltr'><strong>leuis</strong></span> <span class='ocrx_word' id='word_1_213' title='bbox 703 2945 773 2987; x_wconf 88' lang='lat' dir='ltr'><strong>aura</strong></span> <span class='ocrx_word' id='word_1_214' title='bbox 795 2924 916 3006; x_wconf 91' lang='lat' dir='ltr'><strong>capillos</strong></span> 
     </span>
     <span class='ocr_line' id='line_1_34' title="bbox 120 3011 834 3092; baseline -0.001 -20"><span class='ocrx_word' id='word_1_215' title='bbox 120 3020 251 3073; x_wconf 85' lang='lat' dir='ltr'><strong>mouerat</strong></span> <span class='ocrx_word' id='word_1_216' title='bbox 272 3020 302 3073; x_wconf 91' lang='lat' dir='ltr'><strong>et</strong></span> <span class='ocrx_word' id='word_1_217' title='bbox 323 3012 421 3092; x_wconf 90' lang='lat' dir='ltr'><strong>tepido</strong></span> <span class='ocrx_word' id='word_1_218' title='bbox 443 3012 600 3073; x_wconf 91' lang='lat' dir='ltr'><strong>manabant</strong></span> <span class='ocrx_word' id='word_1_219' title='bbox 621 3012 730 3073; x_wconf 91' lang='lat' dir='ltr'><strong>lumina</strong></span> <span class='ocrx_word' id='word_1_220' title='bbox 753 3011 834 3084; x_wconf 90' lang='lat' dir='ltr'><strong>llctu,</strong></span> 
     </span>
     <span class='ocr_line' id='line_1_35' title="bbox 119 3092 1190 3177; baseline -0.008 -19"><span class='ocrx_word' id='word_1_221' title='bbox 119 3114 317 3158; x_wconf 90' lang='lat' dir='ltr'><strong>marmoreum</strong></span> <span class='ocrx_word' id='word_1_222' title='bbox 339 3105 418 3157; x_wconf 91' lang='lat' dir='ltr'><strong>ratus</strong></span> <span class='ocrx_word' id='word_1_223' title='bbox 440 3107 517 3158; x_wconf 91' lang='lat' dir='ltr'><strong>esset</strong></span> <span class='ocrx_word' id='word_1_224' title='bbox 538 3099 637 3177; x_wconf 91' lang='lat' dir='ltr'><strong>opus,)</strong></span> <span class='ocrx_word' id='word_1_225' title='bbox 657 3095 746 3158; x_wconf 88' lang='lat' dir='ltr'><strong>trahit</strong></span> <span class='ocrx_word' id='word_1_226' title='bbox 767 3094 877 3156; x_wconf 89' lang='lat' dir='ltr'><strong>inscius</strong></span> <span class='ocrx_word' id='word_1_227' title='bbox 899 3092 984 3174; x_wconf 81' lang='lat' dir='ltr'><strong>ignes</strong></span> <span class='ocrx_word' id='word_1_228' title='bbox 1146 3100 1190 3149; x_wconf 79' lang='grc' dir='ltr'><strong>6ῑό</strong></span> 
     </span>
    </p>
   </div>
   <div class='ocr_carea' id='block_1_4' title="bbox 119 3181 1172 3314">
    <p class='ocr_par' dir='ltr' id='par_1_5' title="bbox 119 3181 1172 3314">
     <span class='ocr_line' id='line_1_36' title="bbox 122 3181 873 3263; baseline -0.003 -21"><span class='ocrx_word' id='word_1_229' title='bbox 122 3191 151 3242; x_wconf 91' lang='lat' dir='ltr'><strong>et</strong></span> <span class='ocrx_word' id='word_1_230' title='bbox 172 3191 273 3263; x_wconf 85' lang='lat' dir='ltr'><strong>stupet</strong></span> <span class='ocrx_word' id='word_1_231' title='bbox 294 3190 323 3242; x_wconf 94' lang='lat' dir='ltr'><strong>et</strong></span> <span class='ocrx_word' id='word_1_232' title='bbox 345 3181 420 3242; x_wconf 85' lang='lat' dir='ltr'><strong>visae</strong></span> <span class='ocrx_word' id='word_1_233' title='bbox 442 3191 595 3261; x_wconf 88' lang='lat' dir='ltr'><strong>correptus</strong></span> <span class='ocrx_word' id='word_1_234' title='bbox 617 3181 742 3260; x_wconf 84' lang='lat' dir='ltr'><strong>imagine</strong></span> <span class='ocrx_word' id='word_1_235' title='bbox 764 3181 873 3241; x_wconf 89' lang='lat' dir='ltr'><strong>lorrnae</strong></span> 
     </span>
     <span class='ocr_line' id='line_1_37' title="bbox 119 3255 1172 3314; baseline -0.011 3"><span class='ocrx_word' id='word_1_236' title='bbox 119 3293 134 3301; x_wconf 93' lang='lat'><em>-</em></span> <span class='ocrx_word' id='word_1_237' title='bbox 156 3291 321 3301; x_wconf 81' lang='lat'>--—-—</span> <span class='ocrx_word' id='word_1_238' title='bbox 818 3260 909 3314; x_wconf 85' lang='lat' dir='ltr'><strong>natus²</strong></span> <span class='ocrx_word' id='word_1_239' title='bbox 1016 3255 1172 3309; x_wconf 78' lang='lat' dir='ltr'><strong>inuentibus</strong></span> 
     </span>
    </p>
   </div>
   <div class='ocr_carea' id='block_1_5' title="bbox 117 3295 1191 3738">
    <p class='ocr_par' dir='ltr' id='par_1_6' title="bbox 117 3295 1191 3738">
     <span class='ocr_line' id='line_1_38' title="bbox 143 3295 1187 3450; baseline -0.011 -66"><span class='ocrx_word' id='word_1_240' title='bbox 143 3295 151 3300; x_wconf 94' lang='lat'><em>-</em></span> <span class='ocrx_word' id='word_1_241' title='bbox 187 3329 380 3384; x_wconf 78' lang='lat' dir='ltr'><strong>bllalhlansB</strong></span> <span class='ocrx_word' id='word_1_242' title='bbox 408 3331 491 3384; x_wconf 92' lang='lat' dir='ltr'><strong>athlas</strong></span> <span class='ocrx_word' id='word_1_243' title='bbox 502 3329 527 3381; x_wconf 89' lang='lat' dir='ltr'><strong>lll</strong></span> <span class='ocrx_word' id='word_1_244' title='bbox 562 3327 784 3450; x_wconf 50' lang='lat' dir='ltr'><strong>dlquitulunrM</strong></span> <span class='ocrx_word' id='word_1_245' title='bbox 815 3334 884 3381; x_wconf 84' lang='lat' dir='ltr'><strong>satus</strong></span> <span class='ocrx_word' id='word_1_246' title='bbox 908 3325 924 3378; x_wconf 79' lang='lat' dir='ltr'><strong>l</strong></span> <span class='ocrx_word' id='word_1_247' title='bbox 957 3330 1006 3379; x_wconf 78' lang='grc'><strong>647</strong></span> <span class='ocrx_word' id='word_1_248' title='bbox 1033 3323 1152 3441; x_wconf 67' lang='lat' dir='ltr'><strong>mentbup</strong></span> <span class='ocrx_word' id='word_1_249' title='bbox 1174 3341 1187 3372; x_wconf 80' lang='grc' dir='ltr'><em>ε</em></span> 
     </span>
     <span class='ocr_line' id='line_1_39' title="bbox 119 3398 1189 3526; baseline -0.009 -7"><span class='ocrx_word' id='word_1_250' title='bbox 119 3467 282 3519; x_wconf 79' lang='lat' dir='ltr'><strong>montibusA</strong></span> <span class='ocrx_word' id='word_1_251' title='bbox 311 3482 380 3518; x_wconf 86' lang='lat' dir='ltr'><strong>corr.</strong></span> <span class='ocrx_word' id='word_1_252' title='bbox 394 3467 481 3518; x_wconf 77' lang='lat' dir='ltr'><strong>Helm.</strong></span> <span class='ocrx_word' id='word_1_253' title='bbox 525 3468 574 3519; x_wconf 78' lang='lat' dir='ltr'><strong>ote</strong></span> <span class='ocrx_word' id='word_1_254' title='bbox 592 3398 701 3518; x_wconf 55' lang='lat' dir='ltr'><strong>hubblhlll</strong></span> <span class='ocrx_word' id='word_1_255' title='bbox 737 3464 827 3516; x_wconf 76' lang='lat' dir='ltr'><strong>hince</strong></span> <span class='ocrx_word' id='word_1_256' title='bbox 854 3465 896 3524; x_wconf 90' lang='lat' dir='ltr'><strong>ne]</strong></span> <span class='ocrx_word' id='word_1_257' title='bbox 909 3476 957 3512; x_wconf 87' lang='lat' dir='ltr'><strong>nec</strong></span> <span class='ocrx_word' id='word_1_258' title='bbox 974 3458 999 3510; x_wconf 86' lang='lat' dir='ltr'><strong>bl</strong></span> <span class='ocrx_word' id='word_1_259' title='bbox 1044 3461 1095 3512; x_wconf 84' lang='grc'><strong>666</strong></span> <span class='ocrx_word' id='word_1_260' title='bbox 1112 3417 1189 3526; x_wconf 76' lang='lat' dir='ltr'><strong>quarn</strong></span> 
     </span>
     <span class='ocr_line' id='line_1_40' title="bbox 118 3527 1189 3601; baseline -0.009 -14"><span class='ocrx_word' id='word_1_261' title='bbox 118 3535 143 3587; x_wconf 84' lang='lat' dir='ltr'><strong>bl</strong></span> <span class='ocrx_word' id='word_1_262' title='bbox 157 3538 197 3598; x_wconf 79' lang='lat' dir='ltr'><strong>(in</strong></span> <span class='ocrx_word' id='word_1_263' title='bbox 208 3551 310 3600; x_wconf 81' lang='lat' dir='ltr'><strong>marg..·</strong></span> <span class='ocrx_word' id='word_1_264' title='bbox 329 3533 347 3586; x_wconf 84' lang='lat' dir='ltr'><strong>l·</strong></span> <span class='ocrx_word' id='word_1_265' title='bbox 362 3534 464 3597; x_wconf 78' lang='lat' dir='ltr'><strong>siltibit</strong></span> <span class='ocrx_word' id='word_1_266' title='bbox 498 3534 532 3585; x_wconf 88' lang='lat' dir='ltr'><strong>ait</strong></span> <span class='ocrx_word' id='word_1_267' title='bbox 546 3528 797 3601; x_wconf 77' lang='lat' dir='ltr'><strong>nelongelupiterl</strong></span> <span class='ocrx_word' id='word_1_268' title='bbox 841 3534 890 3584; x_wconf 86' lang='grc'><strong>666</strong></span> <span class='ocrx_word' id='word_1_269' title='bbox 903 3527 999 3579; x_wconf 80' lang='lat' dir='ltr'><strong>Atlanti</strong></span> <span class='ocrx_word' id='word_1_270' title='bbox 1010 3528 1098 3578; x_wconf 81' lang='lat' dir='ltr'><strong>Helm.</strong></span> <span class='ocrx_word' id='word_1_271' title='bbox 1138 3528 1189 3579; x_wconf 84' lang='grc'><strong>656</strong></span> 
     </span>
     <span class='ocr_line' id='line_1_41' title="bbox 117 3595 1191 3667; baseline -0.01 -12"><span class='ocrx_word' id='word_1_272' title='bbox 117 3603 190 3655; x_wconf 74' lang='lat' dir='ltr'><strong>rich</strong></span> <span class='ocrx_word' id='word_1_273' title='bbox 235 3605 285 3655; x_wconf 88' lang='grc'><strong>666</strong></span> <span class='ocrx_word' id='word_1_274' title='bbox 303 3603 492 3654; x_wconf 80' lang='lat' dir='ltr'><strong>anctnsller&#39;as.</strong></span> <span class='ocrx_word' id='word_1_275' title='bbox 535 3601 638 3654; x_wconf 77' lang='lat' dir='ltr'><strong>altush</strong></span> <span class='ocrx_word' id='word_1_276' title='bbox 689 3603 739 3653; x_wconf 81' lang='grc'><strong>666</strong></span> <span class='ocrx_word' id='word_1_277' title='bbox 757 3596 871 3667; x_wconf 85' lang='lat' dir='ltr'><strong>aeterno]</strong></span> <span class='ocrx_word' id='word_1_278' title='bbox 888 3596 988 3649; x_wconf 83' lang='lat' dir='ltr'><strong>alterno</strong></span> <span class='ocrx_word' id='word_1_279' title='bbox 1007 3598 1077 3647; x_wconf 82' lang='lat' dir='ltr'><strong>coni.</strong></span> <span class='ocrx_word' id='word_1_280' title='bbox 1089 3595 1191 3660; x_wconf 82' lang='lat' dir='ltr'><strong>Haupt,</strong></span> 
     </span>
     <span class='ocr_line' id='line_1_42' title="bbox 118 3661 1189 3738; baseline -0.011 -15"><span class='ocrx_word' id='word_1_281' title='bbox 118 3677 205 3723; x_wconf 90' lang='lat' dir='ltr'><strong>aerato</strong></span> <span class='ocrx_word' id='word_1_282' title='bbox 217 3671 338 3738; x_wconf 80' lang='lat' dir='ltr'><strong>Bentley,</strong></span> <span class='ocrx_word' id='word_1_283' title='bbox 356 3670 488 3722; x_wconf 85' lang='lat' dir='ltr'><strong>hesternos</strong></span> <span class='ocrx_word' id='word_1_284' title='bbox 503 3669 622 3733; x_wconf 82' lang='lat' dir='ltr'><strong>Woddel,</strong></span> <span class='ocrx_word' id='word_1_285' title='bbox 634 3668 755 3721; x_wconf 78' lang='lat' dir='ltr'><strong>adversos</strong></span> <span class='ocrx_word' id='word_1_286' title='bbox 767 3667 839 3718; x_wconf 78' lang='lat' dir='ltr'><strong>Polla</strong></span> <span class='ocrx_word' id='word_1_287' title='bbox 878 3668 927 3719; x_wconf 82' lang='grc'><strong>666</strong></span> <span class='ocrx_word' id='word_1_288' title='bbox 941 3663 1006 3729; x_wconf 77' lang='lat' dir='ltr'><strong>ligat</strong></span> <span class='ocrx_word' id='word_1_289' title='bbox 1017 3666 1036 3714; x_wconf 79' lang='grc' dir='ltr'><strong>ι’.</strong></span> <span class='ocrx_word' id='word_1_290' title='bbox 1047 3680 1071 3714; x_wconf 80' lang='lat' dir='ltr'><strong>r.</strong></span> <span class='ocrx_word' id='word_1_291' title='bbox 1083 3661 1123 3714; x_wconf 73' lang='grc' dir='ltr'><strong>Μ’</strong></span> <span class='ocrx_word' id='word_1_292' title='bbox 1149 3664 1189 3726; x_wconf 79' lang='lat' dir='ltr'><strong>(in</strong></span> 
     </span>
    </p>
   </div>
   <div class='ocr_carea' id='block_1_6' title="bbox 109 3729 1189 3947">
    <p class='ocr_par' dir='ltr' id='par_1_7' title="bbox 109 3729 1189 3947">
     <span class='ocr_line' id='line_1_43' title="bbox 117 3729 1189 3823; baseline -0.01 -31"><span class='ocrx_word' id='word_1_293' title='bbox 117 3729 313 3805; x_wconf 43' lang='grc' dir='ltr'><strong>ψωμίσω)</strong></span> <span class='ocrx_word' id='word_1_294' title='bbox 332 3744 407 3805; x_wconf 73' lang='lat' dir='ltr'><strong>negat</strong></span> <span class='ocrx_word' id='word_1_295' title='bbox 419 3737 452 3789; x_wconf 74' lang='grc' dir='ltr'><strong>ΒΙ</strong></span> <span class='ocrx_word' id='word_1_296' title='bbox 498 3739 547 3789; x_wconf 85' lang='grc'><strong>669</strong></span> <span class='ocrx_word' id='word_1_297' title='bbox 565 3752 594 3788; x_wconf 88' lang='lat' dir='ltr'><strong>ce</strong></span> <span class='ocrx_word' id='word_1_298' title='bbox 611 3737 646 3801; x_wconf 85' lang='lat' dir='ltr'><strong>(ei</strong></span> <span class='ocrx_word' id='word_1_299' title='bbox 663 3735 694 3816; x_wconf 81' lang='lat' dir='ltr'><strong>ll)</strong></span> <span class='ocrx_word' id='word_1_300' title='bbox 711 3735 874 3823; x_wconf 79' lang='lat' dir='ltr'><strong>pheiaqueh</strong></span> <span class='ocrx_word' id='word_1_301' title='bbox 911 3736 972 3787; x_wconf 74' lang='lat' dir='ltr'><strong>ott</strong></span> <span class='ocrx_word' id='word_1_302' title='bbox 991 3729 1147 3786; x_wconf 76' lang='lat' dir='ltr'><strong>andromeda*</strong></span> <span class='ocrx_word' id='word_1_303' title='bbox 1166 3730 1189 3781; x_wconf 84' lang='grc' dir='ltr'><strong>Α</strong></span> 
     </span>
     <span class='ocr_line' id='line_1_44' title="bbox 109 3816 1188 3947; baseline -0.009 -21"><span class='ocrx_word' id='word_1_304' title='bbox 109 3875 215 3947; x_wconf 53' lang='lat' dir='ltr'><strong>inmitis</strong></span> <span class='ocrx_word' id='word_1_305' title='bbox 230 3875 315 3925; x_wconf 80' lang='lat' dir='ltr'><strong>Heius.</strong></span> <span class='ocrx_word' id='word_1_306' title='bbox 349 3872 497 3924; x_wconf 74' lang='lat' dir='ltr'><strong>iuiustush</strong></span> <span class='ocrx_word' id='word_1_307' title='bbox 539 3875 602 3925; x_wconf 71' lang='lat' dir='ltr'><strong>bib</strong></span> <span class='ocrx_word' id='word_1_308' title='bbox 620 3819 748 3941; x_wconf 61' lang='lat' dir='ltr'><strong>pxppqqm</strong></span> <span class='ocrx_word' id='word_1_309' title='bbox 782 3872 822 3936; x_wconf 79' lang='lat' dir='ltr'><strong>(ln</strong></span> <span class='ocrx_word' id='word_1_310' title='bbox 837 3884 923 3935; x_wconf 79' lang='lat' dir='ltr'><strong>marg.</strong></span> <span class='ocrx_word' id='word_1_311' title='bbox 940 3816 1044 3935; x_wconf 66' lang='lat' dir='ltr'><strong>brimlp)</strong></span> <span class='ocrx_word' id='word_1_312' title='bbox 1060 3863 1188 3932; x_wconf 72' lang='lat' dir='ltr'><strong>exigqu</strong></span> 
     </span>
    </p>
   </div>
   <div class='ocr_carea' id='block_1_7' title="bbox 0 0 1350 4230">
    <p class='ocr_par' dir='ltr' id='par_1_8' title="bbox 0 0 1350 4230">
     <span class='ocr_line' id='line_1_45' title="bbox 0 0 1350 4230; baseline 0 0"><span class='ocrx_word' id='word_1_313' title='bbox 0 0 1350 4230; x_wconf 95' lang='lat' dir='ltr'><strong> </strong></span> 
     </span>
    </p>
   </div>
  </div>
 </body>
</html>
