2692 4230
155 128 328 170 enrsrcnruou
585 111 648 179 Vlll,
666 115 809 168 tat-sat.

156 296 261 369 pectus
282 298 313 351 et
334 307 350 350 a
375 286 476 366 spinae
498 283 703 344 tantummodo
725 294 806 346 crate
821 287 925 348 teneri.

156 381 276 436 auxerat
297 369 436 434 articulos
458 366 576 442 macies,
597 386 790 453 genuumque
813 371 946 435 tumebat

157 457 247 534 orbis,
270 466 300 520 et
321 451 469 516 inmodico
493 453 650 532 prodibant
671 456 776 519 tubere
797 457 858 520 tali.

158 543 236 605 hanc
256 539 362 624 procul
385 545 418 598 ut
437 536 517 613 vidit,
540 542 652 622 (neque
673 541 753 603 euim
774 551 819 604 est
840 540 981 604 accedere
999 540 1079 601 iuxta

157 626 250 703 ausa),
272 625 364 687 refert
384 622 518 685 mandata
539 625 627 687 deae:
654 625 836 708 paulumque
860 635 984 697 morata,

156 725 332 791 quamquam
356 705 453 768 aberat
476 708 575 790 longe,
598 728 775 791 quamquam
798 712 886 772 modo
908 720 1029 773 venerat
1050 709 1130 780 illuc,

156 795 216 857 visa
238 803 336 855 temen
358 795 486 854 sensisse
507 796 614 856 lamem
636 805 777 875 retroque
797 796 942 857 dracones

157 878 217 959 egit
238 877 269 938 iu
292 875 495 951 Haemoniam,
517 879 609 941 versis
631 877 768 939 sublimis
792 876 926 940 habenis.

242 960 325 1024 Dicta
347 961 451 1025 Fames
472 962 597 1036 Cereris,
620 963 752 1043 quamvis
776 963 923 1025 contraria
946 981 1063 1044 semper

157 1045 238 1108 illius
260 1056 304 1108 est
326 1049 420 1129 operi,
441 1047 564 1128 peragit.
607 1065 721 1127 perque
741 1056 807 1109 aera
831 1057 921 1110 vento

156 1131 192 1192 ad
214 1130 323 1194 iussam
346 1132 439 1195 delata
461 1133 581 1192 domum
604 1139 701 1192 estet
726 1133 864 1213 protinus
885 1134 974 1195 intrat

156 1216 290 1297 sacrilegi
313 1217 457 1280 thalamos
477 1215 597 1295 altoque
618 1234 727 1298 sopore
752 1216 881 1280 solutum

128 1303 265 1376 elnoctis
287 1304 367 1364 enim
390 1303 519 1380 tempus)
541 1301 668 1380 geminis
689 1303 878 1383 amplectitur
898 1302 993 1364 ulnisz

155 1405 247 1467 seque
269 1388 330 1449 viro
352 1385 474 1466 inspirat
498 1387 656 1468 faucesque
678 1397 708 1449 et
730 1398 834 1468 pectus
856 1397 885 1449 et
910 1406 960 1449 ora

155 1472 244 1533 adllat
265 1483 292 1534 et
315 1472 345 1532 in
367 1471 467 1531 vacuis
488 1473 599 1552 spargit
621 1472 729 1533 ieiunia
752 1471 844 1533 venis.

155 1557 316 1637 lucemque
338 1556 474 1616 mandato
497 1557 657 1618 leoundum
678 1556 787 1618 deserit
808 1555 910 1618 orbern

156 1641 247 1721 inque
268 1642 373 1701 domos
393 1641 508 1722 inopes,
530 1642 649 1703 adsueta
672 1642 828 1703 revertitur
849 1652 944 1704 antra.

240 1724 331 1786 Lenis
353 1725 448 1787 adhuc
470 1724 740 1807 somnusptacidis
760 1726 978 1807 Erysichthona
1005 1726 1111 1808 pennis

155 1808 318 1872 mulcebat:
342 1809 417 1890 petit
437 1809 487 1871 ille
509 1811 600 1891 dapes
621 1810 677 1872 sub
699 1811 827 1891 imagine
848 1811 946 1874 somni

156 1911 266 1976 oraque
286 1913 360 1956 vana
382 1903 478 1956 movet
498 1895 677 1977 dentemque
699 1895 731 1958 in
752 1897 841 1958 dente
862 1897 962 1976 fatigat

156 1988 334 2059 exercetque
356 1979 422 2040 cibo
444 1980 580 2042 delusum
602 1991 705 2060 guttur
731 1981 812 2042 inani

158 2082 275 2145 proque
296 2063 393 2145 epulis
414 2074 519 2127 tenues
541 2065 721 2146 nequiquam
743 2066 862 2128 devorat
883 2084 979 2128 auras.

155 2158 189 2210 ut
209 2166 278 2209 vero
301 2160 346 2210 est
367 2149 487 2230 expulsa
510 2150 604 2230 quies,
627 2151 699 2213 lurit
719 2150 807 2213 ardor
832 2150 938 2213 edendi

155 2252 268 2315 perque
289 2234 387 2295 avidas
409 2235 507 2296 lauces
529 2237 724 2318 inmensaque
744 2236 854 2299 viscera
882 2246 996 2315 regnat.

155 2336 212 2380 uec
234 2336 326 2393 mora,
350 2319 428 2399 quod
451 2329 571 2400 pontus,
593 2322 672 2400 quod
695 2330 783 2395 terra,
806 2321 885 2400 quod
908 2323 1014 2382 educat
1035 2331 1095 2394 aer,

155 2402 251 2483 poscit
273 2414 303 2464 et
324 2404 464 2485 adpositis
486 2405 621 2484 queritur
643 2406 753 2467 ieiunia
776 2405 888 2467 mensis

156 2488 247 2567 inque
270 2488 366 2570 epulis
388 2490 489 2570 epulas
512 2490 643 2569 quaerit;
667 2491 806 2573 quodque
827 2490 953 2553 urbibus
975 2508 1039 2551 esse

156 2573 294 2652 quodque
316 2574 386 2635 satis
409 2584 523 2655 poterat
544 2575 670 2656 populo,
692 2594 752 2637 non
775 2576 885 2637 sufficit
906 2575 971 2647 uni,

156 2656 284 2738 plusque
305 2658 398 2737 cupit,
420 2679 479 2739 quo
502 2659 587 2740 plura
610 2679 692 2722 suam
715 2661 839 2722 demittit
862 2661 893 2722 iu
919 2660 1027 2722 alvum.

155 2750 247 2822 utque
269 2742 377 2803 fretum
400 2744 504 2824 recipit
525 2745 561 2805 de
582 2755 642 2806 tota
665 2745 787 2808 llumina
808 2755 885 2807 terra

156 2844 212 2887 nec
234 2827 356 2889 satiatur
377 2829 461 2907 aquis
482 2831 717 2911 peregrinosque
739 2830 828 2892 ebibit
851 2849 963 2903 amnes,

156 2919 248 2992 utque
271 2931 358 2993 rapax
382 2913 458 2991 iguis
481 2933 541 2975 non
564 2933 706 2996 umquam
728 2915 866 2978 alimenta
889 2925 1005 2976 recusat

157 2995 389 3077 innumerasque
411 2998 507 3059 trabes
528 3011 640 3061 cremat
663 3011 701 3075 et,
725 3019 783 3081 quo
806 3001 891 3082 copia
914 3000 1008 3062 maior

255 3145 343 3199 ordine
667 3167 683 3201 x

156 3213 232 3265 modo
262 3221 331 3266 «erate
363 3216 441 3266 teneri
460 3221 504 3275 (em
523 3220 618 3280 tenere)
636 3223 739 3270 auserat
757 3217 878 3269 articulos
896 3217 986 3269 macie.
1017 3230 1180 3281 genuumque
1194 3221 1232 3266 tu·

156 3283 242 3333 mebat
313 3286 362 3335 808
382 3284 484 3335 tuberae
504 3284 558 3348 talp
573 3283 596 3335 Μ
668 3290 717 3338 810
739 3285 894 3353 paulumque
912 3290 973 3352 (pau
992 3301 1027 3333 ear
1046 3288 1116 3350 patu)
1135 3290 1231 3335 morata

155 3349 236 3401 esthl
291 3353 341 3404 812
358 3352 455 3403 sevisse
473 3353 564 3404 tamem
583 3361 623 3404 est
640 3352 666 3405 Μ
727 3355 777 3406 815
795 3352 992 3404 t'entolsecta
1012 3351 1036 3401 Μ
1094 3355 1143 3405 818
1162 3359 1231 3402 et-

156 3417 232 3469 iulrat
251 3421 268 3469 r'.
281 3436 305 3470 r.
323 3416 348 3468 Μ
401 3423 447 3471 fili
467 3425 494 3469 in
513 3436 599 3485 marg.
617 3419 641 3471 Μ
695 3422 745 3474 818
762 3419 843 3471 steht
897 3422 923 3471 in
942 3419 1025 3471 noctis
1045 3417 1097 3471 tt
1149 3420 1231 3472 noctis

155 3558 209 3603 erat
229 3557 278 3605 t.e
347 3557 396 3606 820
415 3557 550 3622 peragith
610 3555 706 3623 spargit
725 3557 814 3607 Heius.
884 3557 933 3607 822
953 3504 1079 3606 adsuetaq'
1097 3556 1232 3637 revertitur

505 3639 516 3692 l
528 3638 660 3691 delusum·
925 3639 1014 3691 auidas

156 3709 226 3756 antra
242 3703 253 3758 l
271 3722 331 3758 arva
350 3705 375 3757 Μ
437 3710 486 3759 828
516 3707 649 3759 desuetum
668 3713 757 3774 gurtur
774 3706 799 3758 Μ
862 3709 912 3760 829
932 3706 1015 3759 aridas
1034 3712 1151 3773 (punctis
1169 3710 1231 3760 dist.

928 3793 968 3824 ··2

155 3858 173 3906 i.
191 3862 227 3921 r.)
246 3856 271 3908 Μ
343 3861 391 3911 833
412 3859 488 3910 siah
557 3862 607 3912 838
631 3790 973 3927 ὶηηυωεῐὶηυοὶξζέἓξῃε
996 3856 1058 3913 cl.
1127 3861 1232 3914 lecese
