2692 4230
104 117 178 180 2701
521 183 524 189 .
562 125 718 205 ΜΕΤΑΜΜ.
861 143 983 182 marsum
1000 144 1033 181 er
1049 145 1173 199 caemar

106 297 184 377 quod
208 297 276 379 quia
298 318 359 361 non
381 298 487 380 potuit,
510 298 701 376 praefractam
724 298 804 360 misit
825 300 857 361 in
877 301 1003 362 bostem.

103 382 154 444 sed
176 383 318 465 procula
340 383 399 445 telo
421 382 553 442 'l'beseus
576 381 711 441 veniente
732 385 853 447 recessit

103 466 236 530 Pallados
257 467 425 530 admonitu:
448 463 529 525 erodi
551 463 595 524 sic
616 463 681 544 ipse
703 466 826 530 volebat.

103 571 162 614 non
186 564 282 615 tamen
304 550 392 612 arbor
413 548 493 608 iners
515 547 637 613 cecidit:
659 566 726 609 nam
750 549 898 616 Crantoris
918 553 969 616 alti

105 637 226 700 abscidit
247 634 348 714 iugulo
371 642 534 713 pectusque
555 650 750 714 umerumque
771 635 931 700 sinistrum.

102 722 228 800 armiger
248 719 298 780 ille
320 717 363 778 tui
385 717 480 778 luerat
502 717 655 797 genitoris,
678 716 801 790 Achille,

102 825 189 888 quem
211 804 360 882 Dolopum
381 811 480 863 rector
501 802 578 864 bello
600 813 767 884 superatus,
790 806 932 882 Amyntor

102 889 242 952 Aeacidae
264 885 383 947 dederat
404 887 484 967 pacis
506 887 675 970 pignusque
701 887 857 968 fidemque.

101 975 182 1036 buno
203 970 308 1052 procul
330 982 363 1032 ut
383 971 469 1034 loedo
492 973 646 1036 disiectum
670 972 789 1033 vulnere
811 971 915 1033 Peleus

101 1058 182 1129 vidit,
206 1065 255 1130 „at
277 1055 405 1135 inferias,
428 1057 567 1119 iuvenum
590 1058 755 1136 gratissime
777 1055 910 1130 Crantor,

100 1141 219 1220 accipe“
243 1139 292 1215 ait,
316 1141 468 1223 validoque
490 1143 522 1203 iu
545 1142 736 1204 Demoleonta
759 1141 868 1203 lacerto

99 1225 259 1287 fraxineam
282 1225 360 1287 misit
382 1226 532 1286 contentis
554 1227 664 1289 viribus
687 1229 806 1288 bastam.

101 1328 175 1391 quae
196 1309 320 1372 laterum
343 1319 451 1371 cratem
473 1312 625 1390 praerupit
647 1323 677 1373 et
699 1311 816 1373 ossibus
837 1312 960 1372 haerens

99 1394 259 1456 intremuit
305 1393 394 1454 trabit
417 1393 467 1454 ille
488 1412 579 1454 manu
600 1395 665 1455 siue
688 1397 809 1477 cuspide
831 1396 958 1475 liguum:

99 1478 129 1540 id
152 1499 269 1561 quoque
291 1479 338 1538 vix
359 1477 509 1559 sequitur3
533 1479 634 1558 cuspis
655 1480 798 1558 pulmone
819 1491 931 1543 retenta
953 1489 1007 1540 est.

99 1563 163 1646 ipse
184 1564 269 1624 dolor
290 1562 367 1624 vires
388 1563 487 1623 auimo
509 1563 612 1625 dabat:
635 1581 724 1641 aeger
745 1564 775 1624 iu
798 1567 910 1627 bostem

100 1649 222 1727 erigitur
244 1647 426 1728 pedibusque
447 1649 541 1709 virum
565 1647 717 1729 proculcat
738 1648 863 1729 equinis

99 1732 208 1812 excipit
229 1731 277 1793 ille
299 1731 374 1793 iotus
397 1733 478 1810 galea
501 1732 657 1814 clipeoque
684 1743 824 1794 sonantes
924 1766 926 1770 ·

98 1817 288 1896 defensatque
311 1836 429 1878 umeros
451 1827 663 1897 praetentaque
685 1818 811 1879 sustinet
833 1834 911 1879 arma

98 1920 210 1983 perque
232 1919 330 1963 armos
352 1920 412 1962 uno
434 1901 492 1961 duo
515 1912 635 1982 peetora
658 1905 789 1982 perforat
810 1904 879 1964 ictu.

184 1990 259 2048 Ante
281 1996 379 2047 tamen
401 1985 460 2046 leto
483 1986 605 2047 dederat
624 1985 808 2064 Phlegraeon
831 1998 860 2048 et
881 1985 974 2067 Hylen

98 2071 223 2144 eminus,
246 2071 404 2151 lpbinoum
427 2071 545 2131 conlato
568 2070 661 2131 Marte
682 2069 857 2152 Claninque.

98 2156 214 2217 additur
236 2155 282 2216 bis
304 2155 436 2235 Dorylas,
459 2155 510 2234 qui
534 2166 666 2236 tempora
689 2167 765 2217 tecta
788 2157 907 2234 gerebat

98 2240 174 2322 pelle
197 2240 259 2320 lupi
281 2241 416 2320 saevique
439 2241 532 2300 vicem
555 2240 734 2320 praestantia
758 2239 806 2300 teli

98 2343 208 2387 cornua
230 2343 295 2385 rara
318 2324 408 2385 boum
431 2324 524 2384 multo
546 2325 696 2386 rubelaota
719 2343 835 2386 eruore.

97 2411 166 2472 buic
188 2427 243 2487 ego
266 2412 345 2487 (uam
368 2410 443 2470 vires
464 2409 581 2470 animus
603 2409 700 2481 dabat)
725 2410 892 2489 „adspiee“,
914 2408 972 2468 dixi

98 2505 259 2577 „quantum
283 2496 447 2556 concedant
470 2505 571 2555 nostro
594 2503 642 2555 tua
666 2512 777 2555 eoruua
801 2495 898 2555 lerro“

97 2591 125 2641 et
148 2580 274 2640 iaculum
297 2579 379 2640 torsi.
423 2579 501 2656 quod
525 2597 593 2640 cum
609 2580 700 2640 vitare
722 2579 866 2658 nequiret,

96 2665 235 2744 opposuit
256 2665 387 2725 dextram
410 2682 549 2743 passurae
571 2663 691 2726 vulnera
714 2664 814 2725 lrouti.

97 2750 187 2810 adfixa
211 2760 255 2809 est
276 2767 342 2809 eum
365 2750 463 2810 lroute
486 2767 600 2809 manus.
645 2749 677 2810 lit
699 2748 819 2820 clamor,
842 2760 872 2809 at
894 2749 985 2809 illum.

97 2835 264 2896 baerentem
288 2832 393 2894 Peleus
414 2845 442 2893 et
465 2832 572 2894 acerbo
595 2832 715 2894 vulnere
738 2834 846 2893 rictum

97 2919 201 2997 (stabat
222 2917 301 2978 enim
324 2917 456 2998 propior)
480 2918 604 2978 mediam
627 2918 695 2978 ierit
716 2936 787 2977 ense
808 2917 864 2978 sub
886 2916 990 2978 alvum.

97 3002 235 3084 prosiluit
257 3013 394 3083 terraque
417 3005 499 3063 ferox
521 3021 574 3064 sua
597 3003 705 3064 viscera
729 3002 817 3063 traxit
1119 3011 1163 3061 396

163 3222 209 3273 361
229 3219 355 3286 grautoris
372 3218 398 3270 Μ
442 3211 444 3215 ⁴
467 3221 517 3272 362
540 3219 602 3284 lug]
627 3218 751 3270 iaculort
821 3221 870 3271 365
887 3217 1021 3282 Aeacidae]
1047 3217 1121 3268 facile
1139 3214 1164 3266 Μ

93 3335 311 3425 abstinentior
381 3373 429 3424 363
455 3378 481 3421 at
499 3374 517 3422 ι’.
535 3388 558 3421 r.
576 3369 601 3421 Μ
638 3386 742 3421 aarum
761 3370 825 3421 inb
893 3370 955 3421 adr
1023 3370 1164 3435 grautorA

93 3441 143 3492 366
161 3440 196 3491 ait
214 3447 239 3491 et
257 3438 342 3490 ualido
361 3439 377 3489 b
435 3438 493 3490 inde
512 3447 614 3491 moeuta
632 3437 657 3489 Μ
715 3438 910 3491 demolouutae
969 3440 1018 3490 363
1037 3437 1164 3488 contentis

92 3507 182 3559 lisiae.
228 3507 321 3559 mentis
333 3508 469 3575 quoqueA
518 3511 568 3561 336
579 3508 691 3559 lacerum
704 3515 795 3574 pectus
807 3523 852 3573 pre
864 3505 931 3574 rupit
941 3504 967 3556 Μ
1020 3505 1164 3572 perrupitr

92 3663 140 3713 331
161 3639 257 3725 lignbm
274 3658 300 3711 Μ
360 3663 409 3712 333
424 3600 523 3728 ἓὶῗείιε.
554 3677 567 3710 a
627 3663 677 3712 336
696 3659 797 3711 sonanti
815 3657 840 3710 Μ
897 3660 946 3711 338
964 3657 1120 3725 phlagreoua
1137 3653 1163 3706 Μ

110 3727 263 3794 lbagreona
316 3728 450 3796 phogonb
504 3730 553 3778 339
566 3727 704 3795 epiriuoum
717 3725 742 3777 Μ
795 3726 942 3778 broniumb
988 3726 1163 3794 ypbyonumr

92 3743 374 3915 [pbiuoumedprine.
426 3799 475 3849 380
488 3795 603 3861 do(oorr.
616 3793 804 3855 exdatrilasbl
855 3794 979 3847 dorcesb
1032 3795 1081 3847 383
1094 3793 1162 3854 rara]

110 3880 187 3921 urae
