2692 4230
107 114 169 179 288
482 197 484 203 Ι
534 119 731 199 llE'l'dllllc
853 189 855 196 γ
920 135 1043 175 morou
1058 136 1173 178 moremus
1228 183 1229 186 Ἴ

108 309 195 373 quam
217 294 301 375 rapui
322 294 464 376 Phrygiae
484 293 604 371 signum
624 291 775 371 penetrale
795 293 941 356 llinervae

107 376 241 440 hostibus
263 398 280 441 e
301 379 413 442 mediis
456 386 538 438 etse
559 374 632 437 milri
653 375 785 438 conterat
806 375 901 441 Aiax?

109 479 216 543 nempe
238 464 303 545 capi
324 463 440 526 'l'roiam
463 456 661 540 prohibebant
681 458 739 519 lata
761 460 826 522 sine
847 462 908 523 illo.

109 546 194 608 lortis
215 547 266 610 ubi
289 557 333 609 est
353 539 447 607 Aiax‘l
468 541 520 603 ubi
540 551 611 604 sunt
631 541 762 621 ingentia
784 547 883 625 magni
1129 553 1173 605 sto

108 630 195 694 rerba
217 628 294 694 viril
315 647 368 691 cur
389 627 438 689 hic
459 623 588 689 metuis?
610 644 664 689 cur
684 625 773 688 audet
793 627 890 692 Ulixes

109 716 153 778 ire
174 734 228 796 per
250 712 385 777 excubias
407 720 489 772 etse
510 711 694 774 committere
716 711 797 772 nocti

108 817 221 882 perque
243 799 320 859 leros
341 813 427 857 enses
448 813 510 857 non
531 804 646 859 tantum
667 795 784 857 moenia
805 783 929 872 Troum}

108 901 210 945 verum
232 881 315 942 etiam
338 897 466 942 summas
487 899 570 944 arces
589 882 701 944 intrare
722 898 834 960 suaque

110 968 225 1048 eripere
245 965 315 1026 aede
336 964 419 1026 deam
441 975 611 1047 raptamque
632 965 746 1028 adferre
767 982 821 1045 per
842 963 963 1027 hostes?

111 1069 185 1134 quae
207 1049 263 1110 nisi
285 1048 428 1123 fecissem,
450 1050 558 1112 frustra
578 1050 738 1113 Telamone
760 1058 876 1111 creatus

111 1141 251 1214 gestasset
271 1132 350 1195 laeva
372 1143 522 1196 taurorum
544 1145 661 1215 tergora
682 1144 806 1216 septem.

111 1217 160 1280 illa
182 1225 270 1278 nocte
291 1218 361 1280 mini
383 1217 488 1280 Troiae
510 1219 629 1282 victoria
650 1228 732 1302 parta
754 1227 810 1291 est,

112 1301 251 1380 Pergama
272 1311 345 1363 tunc
365 1301 431 1378 rici,
453 1321 521 1366 cum
541 1303 619 1367 vinci
642 1323 730 1387 posse
751 1302 846 1384 coegi.

112 1386 214 1447 desine
235 1385 365 1467 Tydiden
388 1388 529 1471 vultuque
550 1397 580 1451 et
600 1407 753 1452 murmure
774 1387 861 1451 nobis

113 1477 260 1533 ostentare
281 1491 395 1534 meum:
417 1492 486 1555 pars
507 1482 552 1536 est
572 1492 625 1537 sua
646 1474 742 1536 laudis
763 1474 794 1535 in
815 1473 878 1535 illo.

113 1573 170 1618 nec
189 1565 233 1632 tu,
255 1576 322 1619 cum
344 1557 423 1619 socia
445 1557 572 1639 clipeum
594 1576 650 1638 pro
672 1558 765 1619 classe
785 1557 917 1631 tenebas,

112 1640 194 1703 solus
215 1660 292 1703 eras:
315 1641 368 1703 uui
390 1641 474 1702 turba
495 1658 609 1711 comes,
629 1641 703 1702 milri
725 1641 850 1719 contigit
870 1659 958 1702 unus

114 1725 164 1807 qui
187 1725 243 1787 nisi
265 1735 429 1806 pugnacem
451 1724 540 1787 sciret
559 1724 692 1806 sapiente
714 1724 859 1787 minorem

114 1827 178 1870 esse
200 1827 256 1871 nec
277 1809 434 1871 indomitae
455 1808 555 1871 deberi
577 1809 706 1891 praemia
727 1809 855 1882 dextrae,

113 1892 178 1973 ipse
200 1910 318 1973 quoque
339 1894 411 1956 haec
432 1901 555 1975 peteret
598 1903 713 1976 peteret
733 1893 912 1954 moderatior
934 1891 1005 1954 Aiax

115 1976 339 2059 Eurypylusque
361 1979 442 2039 leros
463 1978 601 2060 claroque
622 1979 829 2041 Andraemone
851 1986 939 2039 natus

114 2079 170 2122 nec
191 2062 290 2124 minus
310 2062 485 2125 Idomeneus
505 2064 659 2144 patriaque
680 2074 797 2125 creatus
820 2063 919 2125 eadem

59 2203 61 2207 .
112 2145 269 2220 Meriones,
290 2156 403 2227 peteret
422 2147 541 2210 maioris
561 2147 651 2210 irater
672 2147 799 2210 Atridae.

113 2231 224 2312 quippe
244 2249 334 2293 manu
356 2231 446 2293 lortes
467 2249 523 2294 nec
543 2241 614 2293 sunt
633 2231 705 2294 mihi
727 2232 820 2294 llarte
841 2231 972 2304 secundi,

114 2314 245 2377 consiliis
266 2334 379 2378 cessere
400 2315 483 2378 meis.
526 2316 579 2378 tibi
601 2316 718 2378 dextera
733 2314 810 2378 bello

113 2399 209 2461 utilis:
232 2400 384 2480 ingenium
406 2412 461 2474 est,
483 2401 561 2482 quod
583 2411 650 2480 eget
671 2401 871 2464 moderamine
893 2409 1014 2474 nostro;

114 2493 147 2546 tu
168 2483 244 2546 vires
264 2485 329 2546 sine
349 2495 448 2547 mente
469 2485 555 2564 geris,
576 2485 649 2547 mihi
671 2503 743 2548 cura
764 2485 871 2560 iuturi;

114 2577 146 2630 tu
168 2586 300 2649 pugnare
322 2579 415 2650 potes,
438 2570 588 2651 pugnandi
609 2579 743 2651 tempora
764 2588 880 2632 mecum

115 2652 197 2733 eligit
218 2653 348 2728 Atrides3
370 2665 403 2715 tu
425 2664 538 2716 tantum
560 2672 686 2736 corpore
707 2655 824 2736 prodes,

114 2755 170 2800 nos
191 2738 305 2813 animm
329 2748 498 2820 quantoque
518 2747 609 2802 ratem
632 2739 683 2821 qui
705 2747 859 2820 temperat,
884 2737 976 2800 anteit

115 2821 234 2901 remigia
255 2823 394 2897 olsscium,
415 2831 526 2904 quanto
547 2824 607 2886 dux
628 2823 721 2886 milite
740 2823 845 2896 maior,

116 2916 228 2969 tantum
251 2925 305 2986 ego
327 2917 355 2970 te
376 2926 493 2989 supero.
537 2926 675 2970 necnon
698 2909 877 2988 incorpore
900 2915 1000 2968 nostro

115 3001 234 3072 pectora
256 3000 326 3054 sunt
347 2993 460 3074 potiora
481 3011 588 3055 manu:
609 2993 693 3072 vigor
714 2992 812 3055 omnis
834 2992 864 3053 in
886 2990 952 3053 illis.

116 3086 146 3137 at
166 3094 228 3150 ros,
250 3094 268 3137 o
289 3094 436 3157 proceres,
457 3076 537 3156 vigili
558 3078 625 3140 date
646 3077 776 3159 praemia
797 3087 904 3150 vestro,

116 3178 230 3242 proque
253 3170 297 3222 tot
316 3180 462 3224 annorum
483 3179 564 3236 cura,
586 3161 695 3243 quibus
715 3162 820 3224 anxius
840 3161 897 3240 egi,

117 3245 197 3308 bunc
217 3245 334 3308 titulum
356 3247 468 3309 meritis
487 3247 670 3328 pensandum
693 3246 806 3308 reddite
828 3244 945 3307 nostris.

614 3343 682 3398 lillo
694 3373 701 3388 ·
711 3343 822 3425 palladis

186 3480 236 3533 333
244 3488 408 3562 ,ωωριῃῐι
425 3479 474 3544 (cr.
485 3496 510 3533 c.
520 3480 550 3544 6)
639 3479 692 3532 illis
749 3426 858 3531 ωσι
908 3480 958 3533 llo
975 3478 1032 3530 alar
1049 3477 1092 3530 ubi
1108 3477 1183 3530 esth

119 3549 166 3601 stt
185 3545 252 3599 horti
268 3545 281 3600 l
298 3555 398 3602 noctua
448 3545 678 3616 didraptamrell
730 3545 842 3600 ell'ereh
892 3549 942 3600 346
960 3545 1079 3599 iecissem
1096 3548 1132 3612 (nr
1149 3561 1185 3598 σε

119 3618 142 3678 s)
158 3610 185 3665 lt
236 3617 350 3684 utapro
370 3615 567 3683 sociaclipeum
590 3630 648 3668 cum
671 3613 740 3669 etti
791 3617 841 3669 353
865 3614 942 3667 michi
962 3620 981 3666 t
999 3628 1031 3679 c,
1054 3613 1100 3665 tibi
1118 3629 1141 3666 c.
1157 3611 1184 3666 ll

119 3685 169 3736 336
192 3681 266 3752 haec]
289 3682 338 3736 hoc
358 3684 384 3736 ll
452 3690 551 3752 peteret
573 3683 688 3736 auena·
711 3697 763 3736 aar.
783 3682 831 3734 rod
854 3685 884 3734 ta
906 3697 993 3748 marg.
1016 3681 1138 3734 additum
1158 3680 1185 3734 lt

120 3751 169 3803 333
187 3750 332 3804 idomeusc
383 3753 434 3806 ³59
451 3751 602 3816 merioncslllr
615 3752 712 3820 (amq)
729 3747 1018 3819 peterent-immisit
1070 3751 1120 3804 333
1133 3763 1187 3802 ma·

120 3819 350 3872 nus-secundae
367 3818 393 3872 lt
439 3834 490 3873 uon
508 3835 528 3872 s.
546 3817 627 3870 usin
687 3822 738 3873 333
754 3819 836 3872 anteit
851 3819 871 3885 (i
888 3835 924 3871 ec
940 3820 966 3882 a)
983 3816 1009 3868 ll
1066 3819 1116 3871 333
1134 3816 1186 3870 illis

114 3885 151 3948 (is
165 3891 256 3953 aros)
271 3886 298 3940 ll
350 3889 400 3942 370
417 3893 444 3940 at
460 3891 511 3952 (ast
528 3887 555 3952 la)
573 3902 589 3941 o
606 3901 655 3941 ros
672 3886 821 3955 proceresc
873 3889 920 3941 331
941 3885 1040 3942 coris:
1091 3899 1187 3953 quasa
