2692 4230
121 137 184 200 316
578 145 732 204 bssl'l'dblbl.

119 313 214 378 Narve
236 316 303 379 tulit
325 335 465 399 praeceps
486 325 515 377 et
537 332 647 394 opacae
669 313 805 378 Farfarus
826 318 955 391 umbrae,
1143 330 1186 381 333

121 419 254 483 quaeque
275 401 379 464 cnlnnt
400 398 552 479 Scythicae
572 406 709 475 stagnum
731 403 878 465 nemorale
900 403 1007 464 Dianae

120 485 321 568 finitimosque
342 486 433 546 lacus
475 480 582 562 spretis
604 491 700 542 tamen
723 484 860 548 omnibns
882 506 970 549 unam

120 568 170 633 ille
191 572 262 633 colit
284 569 443 649 nymphen,
465 582 553 645 quam
576 566 754 646 quendam
746 585 777 628 tn
799 568 874 632 colle
894 571 985 634 Palati

120 654 228 718 dicitur
248 653 332 716 lenio
355 649 505 732 peperisse
526 649 639 713 Venilia
661 650 742 712 lanc.

120 739 194 802 baec
214 738 265 801 ubl
288 733 439 798 nubilibus
459 733 587 815 primum
609 735 752 798 maturuit
771 735 868 810 annis,

121 822 289 904 praeposito
312 818 426 880 eunctis
447 818 587 882 Laurenti
609 819 712 883 tradita
734 819 804 881 Pico
827 830 886 882 est.

120 925 185 970 rara
208 904 325 986 quidem
348 903 431 975 lucie,
453 903 503 964 sed
525 905 619 967 rarior
640 914 703 968 arte
724 904 858 978 canendi,

121 991 200 1053 unde
222 988 339 1050 Canens
361 988 436 1049 dieta
458 997 513 1049 est
555 990 642 1053 silvas
664 1000 694 1053 et
714 1007 781 1051 saxa
803 1008 919 1050 movere

121 1084 150 1137 et
172 1072 302 1134 mulcere
324 1072 400 1133 leras
421 1081 451 1134 et
470 1072 592 1136 llnmina
612 1075 701 1156 longa
722 1074 830 1136 merari

121 1176 173 1220 nra
193 1175 248 1219 suo
270 1155 463 1236 volucresque
484 1175 571 1236 vagas
592 1161 720 1223 retinere
742 1157 862 1221 solebat

120 1260 196 1339 quae
218 1243 288 1302 dum
310 1241 436 1303 leminea
456 1243 623 1306 modulatur
644 1244 773 1308 earmina
795 1262 876 1317 rece,

120 1326 231 1388 exierat
251 1335 329 1388 tecto
352 1325 514 1390 Laurentes
535 1328 652 1392 Picns'
645 1349 676 1391 tn
699 1348 796 1409 agros,

120 1410 274 1489 indigenas
295 1412 406 1473 fixurus
426 1431 524 1493 apres,
547 1425 722 1496 tergumque
744 1414 894 1495 premebat

120 1496 197 1558 acris
218 1496 297 1578 equi,
319 1494 457 1578 laevaque
478 1498 593 1561 hastilia
615 1500 684 1561 bina
707 1499 829 1570 ferebat,

121 1581 293 1679 poeniceam
315 1580 393 1643 iulvc
416 1581 598 1661 chlamydem
620 1591 789 1644 eenuactus
810 1584 846 1645 ab
868 1601 950 1644 aure.

120 1674 241 1734 uenerat
262 1666 294 1727 in
316 1665 404 1727 silvas
425 1674 456 1727 et
477 1664 535 1726 lilla
557 1665 636 1726 Solis
658 1666 784 1738 easdem,

120 1759 213 1831 utque
235 1768 325 1811 nevas
346 1748 456 1828 legeret
477 1748 611 1811 lecundis
633 1749 760 1811 callibus
784 1747 899 1822 herbas,

122 1834 243 1896 nomine
264 1834 340 1895 dieta
362 1852 416 1896 suc
439 1833 557 1897 Circaea
579 1834 738 1916 reliquerat
757 1852 834 1896 arra.

121 1937 197 1999 quae
219 1917 306 1979 simul
328 1937 362 1981 ac
384 1919 528 1992 iuvenem,
548 1919 683 1999 virgultis
704 1918 812 1992 abdita,
833 1916 912 1991 vidit,

121 2002 274 2084 obstipuit
318 2004 448 2065 cecidere
469 2021 570 2074 mann,
592 2023 666 2085 quas
687 2003 806 2084 legerat,
828 2001 945 2074 herbae,

120 2089 296 2167 flammaque
319 2106 372 2167 per
393 2097 470 2149 totas
489 2087 550 2149 visa
571 2097 616 2150 est
637 2105 736 2150 errare
757 2085 906 2149 medullas.

120 2182 155 2236 ut
175 2172 303 2254 primum
327 2170 419 2234 valido
441 2181 571 2234 mentem
592 2172 724 2252 conlegit
744 2172 780 2234 ab
802 2183 894 2245 aestu,

121 2257 192 2338 qnid
214 2268 345 2336 cuperet,
368 2257 480 2318 fassura
501 2257 571 2318 luit:
594 2276 632 2320 ne
653 2266 755 2338 posset
774 2257 863 2330 adire,

121 2360 226 2404 cursus
248 2341 317 2421 equi
339 2341 408 2403 iecit
429 2341 684 2422 circumfususque
709 2340 834 2404 satelles.

122 2430 223 2503 „nen“
246 2427 287 2488 ait
310 2425 462 2505 „effugies
483 2436 569 2511 rento
592 2427 707 2507 rapiare
729 2426 838 2498 licebit,

120 2511 256 2574 simodo
279 2529 326 2572 me
349 2512 426 2583 novi,
448 2511 473 2572 si
496 2529 555 2573 nen
579 2511 697 2574 evannit
717 2511 814 2573 omnis

122 2596 279 2658 herbarum
301 2597 404 2670 virtus,
427 2606 455 2656 et
477 2615 538 2658 nen
561 2614 625 2658 mea
647 2596 775 2659 carmina
799 2594 931 2658 fallunt.“

120 2681 193 2742 dixit
214 2688 244 2741 et
265 2680 402 2759 effigiem,
425 2679 507 2742 nulle
529 2698 597 2743 cum
619 2699 755 2762 corpore,
777 2680 842 2742 lalsi

121 2765 205 2827 llnxit
225 2765 289 2846 apri
311 2775 487 2847 praeterque
508 2765 611 2827 oculos
633 2775 835 2828 transcurrere
856 2763 934 2842 regis

120 2850 206 2912 iussit
227 2858 255 2910 et
277 2850 308 2911 in
330 2850 454 2912 densum
476 2850 608 2912 trabibus
630 2868 736 2912 nemus
758 2850 800 2912 ire
820 2849 921 2922 videri,

119 2934 246 3016 plurima
268 2953 325 3015 qua
347 2934 418 2997 silva
439 2943 485 2996 est
506 2947 536 2996 et
558 2953 634 3016 eque
657 2933 721 2997 loca
743 2935 840 3016 pervia
863 2951 922 2995 non
945 2942 1023 2993 sunt.

120 3019 198 3081 band
220 3036 312 3092 mora,
334 3019 477 3080 continue
499 3021 623 3100 praedae
645 3019 721 3101 petit
742 3019 853 3081 inscius
873 3017 1006 3080 umbram

120 3102 209 3165 Picus
231 3103 359 3184 equique
380 3103 458 3165 celer
479 3104 646 3185 spumantia
668 3116 750 3184 terga
772 3103 910 3184 relinquit

120 3223 323 3234 ————-

189 3269 373 3327 sacrament
425 3269 527 3338 Narque
538 3273 629 3325 Herna
680 3271 733 3338 cp]
752 3286 873 3323 amoenae
885 3271 993 3322 Senem
1044 3269 1151 3322 lariacus
1169 3268 1185 3319 b

120 3339 255 3410 pariusbl
319 3338 441 3390 uudaer
509 3342 556 3392 331
581 3354 725 3405 regnante
787 3341 836 3392 333
863 3340 1041 3405 nympham—
1008 3338 1187 3390 -Palantie

121 3478 170 3529 331
194 3472 325 3526 binnicbl
368 3405 533 3540 Ηιαξιιοειῧῖῗὶίι
602 3476 712 3526 innocuo
734 3476 804 3526 euni.
822 3474 921 3525 Merk.²
990 3474 1081 3525 teuilia
1105 3472 1132 3535 (il
1150 3491 1187 3524 er

120 3541 199 3606 al)ll
267 3544 317 3595 att
335 3542 440 3606 lllllcris
458 3541 482 3592 ll
552 3542 692 3609 gerebatr
760 3545 809 3596 313
834 3541 1035 3609 phoeniceamll
1059 3541 1144 3607 tpuen.
1161 3547 1186 3602 a)

120 3677 261 3746 phoenicea
279 3676 295 3728 b
356 3691 552 3744 comprensusr
611 3680 661 3731 313
679 3677 780 3735 nemine
798 3677 834 3741 d.l
852 3693 901 3730 non
920 3677 1002 3729 edicta
1020 3677 1035 3728 lt
1057 3607 1154 3728 nlla
1172 3696 1187 3728 ι

120 3749 170 3800 330
187 3746 310 3798 berbece
361 3747 409 3796 331
427 3751 454 3796 et
472 3760 522 3796 non
541 3747 647 3804 (emim
658 3749 724 3805 mea)
742 3745 759 3796 b
775 3748 846 3807 (eam
854 3746 946 3810 gt:
926 3762 948 3797 st
966 3760 1005 3796 nte
1021 3749 1087 3807 mea)
1138 3760 1186 3798 nec

19 3811 22 3818 '
120 3828 161 3866 me
178 3828 265 3866 meaa
324 3814 374 3864 333
392 3811 467 3933 ripis]
485 3811 593 3865 risusC
656 3815 706 3866 360
723 3812 807 3876 iussit]
824 3820 892 3867 esset
908 3813 933 3865 ll
994 3829 1082 3865 nemus
1100 3813 1186 3866 emb

109 3884 163 3935 361
178 3881 262 3950 plur]
276 3880 383 3950 plenum
479 3881 528 3934 332
545 3880 649 3934 umbras
667 3879 692 3932 bl
