2692 4230
122 121 183 184 tto
469 172 473 184 .
575 127 728 181 ΜΕΤΑΜΜ.

120 298 200 360 addit
221 307 251 361 et
272 299 404 362 inllrmos
423 295 562 359 baculum
584 295 663 375 quod
686 298 811 362 sustinet
833 311 924 363 artus.

120 393 182 446 tum
205 383 247 446 sio
269 402 335 446 orsa
356 381 456 463 loquis
474 371 549 440 ‘non
572 379 671 440 omnia
693 384 834 459 grandior
855 397 944 459 aetas,

121 487 196 549 quae
217 468 374 548 fugiamus.
395 464 498 526 habel:
520 461 595 524 seris
616 463 695 524 venit
716 483 791 530 usus¹
810 469 847 530 ab
869 470 965 532 annis.

121 552 277 614 consilium
300 570 338 613 ne
358 566 466 629 sperne
488 564 596 608 meum.
640 548 693 609 tibi
715 548 791 612 lama
812 563 931 632 petatur
1162 563 1191 614 ao

120 639 199 699 inter
218 634 356 700 mortales
379 631 527 693 faciendae
547 632 671 694 maxima
693 632 792 695 lanae:

122 723 193 784 cede
213 722 284 783 deae
305 717 478 796 veniamque
497 717 567 789 tuis,
589 717 751 790 temeraria,
773 718 860 780 dietis

121 805 256 887 supplice
277 820 349 864 voce
368 818 454 880 roga:
476 802 590 863 reniam
612 802 692 865 dabit
713 801 759 863 illa
782 800 917 882 roganti.³

121 889 245 970 adspicit
265 888 342 948 hanc
362 885 453 946 torris
474 884 651 971 inceptaque
672 887 720 949 llla
741 885 884 967 relinquit

120 975 227 1054 vixque
249 987 369 1033 manum
390 970 521 1032 retinens
542 972 736 1054 confessaque
757 970 887 1032 vultibus
909 973 982 1035 iram
1163 984 1192 1034 33

122 1058 231 1120 talibus
253 1054 406 1117 obscuram
428 1069 560 1119 resecuta
582 1069 627 1120 cst
647 1056 763 1120 Pallada
785 1055 891 1118 dictis:

119 1137 241 1203 ‘mentis
262 1140 349 1220 inops
370 1138 517 1223 longaque
537 1143 620 1205 renis
642 1144 777 1206 coniecta
798 1150 927 1202 senecta.

122 1236 150 1286 et
173 1225 285 1286 nimum
308 1224 413 1287 vixisse
434 1226 485 1288 diu
507 1237 603 1289 nocet.
646 1227 744 1290 audiat
764 1227 844 1300 istas,

122 1310 205 1390 siqua
227 1309 280 1372 tibi
303 1328 396 1373 nurus
418 1321 471 1388 est,
493 1311 576 1392 siqua
599 1313 717 1376 esttibi
740 1312 808 1384 fllia,
830 1329 927 1373 voces.

122 1394 238 1457 consilii
259 1395 330 1457 satis
351 1405 394 1457 est
415 1395 447 1457 in
468 1414 516 1458 me
537 1396 619 1457 mihi.
663 1415 736 1459 nere
756 1396 907 1459 monendo

122 1479 282 1562 proiecisse
304 1489 398 1560 putes,
421 1481 520 1543 eadem
543 1488 588 1542 est
610 1483 755 1543 sententia
778 1481 875 1543 nobis.

122 1583 176 1627 our
197 1584 258 1627 non
280 1565 343 1645 ipsa
365 1561 466 1625 renit‘l
487 1583 541 1625 cur
562 1565 635 1625 haec
656 1566 815 1626 certamina
836 1559 944 1627 vitat?²

121 1661 184 1712 tum
207 1650 260 1711 dea
278 1642 378 1709 ‘venit'
402 1648 454 1709 ait:
478 1648 663 1727 formamque
684 1649 808 1710 removit
829 1648 937 1711 anilem

120 1734 296 1813 Palladaque
318 1729 456 1792 exhibuit.
498 1741 676 1793 venerantur
697 1732 819 1794 numina
842 1734 990 1814 nymphae

122 1816 371 1898 Mygdonidesque
393 1834 502 1878 nurus:
526 1815 587 1877 sola
609 1827 653 1878 est
676 1836 736 1879 non
758 1817 860 1879 territa
883 1817 975 1897 virgo.

122 1903 174 1964 sed
196 1911 292 1964 tamen
315 1899 432 1962 erubuit
453 1901 625 1981 subitusque
647 1902 735 1964 inrita
759 1901 870 1965 noum

123 2005 174 2048 ora
195 1986 287 2048 rubor
308 2004 469 2066 rursusque
490 1987 617 2059 evanuit,
641 1998 673 2047 ut
694 1986 768 2048 solet
790 1997 841 2048 aer

123 2089 291 2153 purpureus
314 2070 386 2144 lieri,
409 2089 475 2132 cum
498 2071 627 2152 primum
649 2090 754 2133 aurora
777 2082 921 2145 movetur,

124 2167 153 2218 et
174 2156 261 2218 breve
284 2162 352 2236 post
373 2164 489 2237 tempus
511 2156 686 2218 candescere
708 2156 778 2218 solis
800 2157 836 2218 ab
859 2167 938 2218 ortu.

122 2250 234 2323 perstat
255 2241 287 2301 in
308 2239 426 2320 incepto
448 2240 631 2321 stolidaeque
653 2241 792 2321 cupidine
815 2241 929 2323 palmae

122 2328 154 2387 in
176 2344 229 2388 sua
250 2325 307 2386 iata
328 2324 402 2385 nuit:
426 2343 520 2406 neque
542 2325 622 2386 enim
644 2324 712 2386 love
734 2335 801 2387 nata
823 2336 952 2399 recusat,

123 2429 179 2472 nec
200 2417 301 2471 monet
323 2408 454 2483 ulterius,
478 2428 533 2471 nec
554 2410 612 2470 iam
634 2411 793 2473 certamina
815 2411 926 2472 differt.

122 2494 201 2558 haud
223 2511 314 2567 mora,
336 2494 500 2556 consistunt
521 2494 642 2556 diversis
664 2495 796 2576 partibus
818 2496 921 2557 ambae

125 2590 155 2642 et
176 2579 277 2659 gracili
300 2579 429 2658 geminas
451 2579 610 2641 intendunt
632 2581 755 2641 stamine
778 2580 859 2643 telas.

125 2665 180 2726 tela
203 2664 272 2743 iugo
294 2663 389 2725 vincta
413 2673 465 2738 est,
488 2673 599 2725 sumen
624 2665 752 2727 secernit
772 2666 921 2740 harundo

123 2749 263 2811 inseritur
284 2748 412 2809 medium
435 2748 524 2810 radiis
545 2749 699 2811 subtemen
721 2750 824 2825 acutis,

125 2834 203 2915 quod
225 2832 307 2912 digiti
330 2833 498 2914 expediunt,
519 2844 607 2915 atque
630 2834 708 2896 inter
729 2835 854 2897 stamina
876 2835 997 2897 ductum

124 2937 266 3001 percusso
289 2917 408 2998 pariunt
427 2918 532 2981 insecti
553 2919 672 3000 pectine
693 2921 806 2982 dentes.
933 2980 942 2991 Ι

126 3014 250 3083 utraque
272 3003 410 3064 festinant
432 3003 604 3084 cinctaeque
626 3004 662 3066 ad
684 3015 803 3086 pectora
826 3012 921 3064 vestes

123 3122 327 3133 ——--
1124 3101 1144 3152 ti

193 3174 225 3224 at
244 3169 336 3222 baculo
354 3169 494 3238 quoqueil
547 3186 595 3222 ern,
612 3170 715 3222 dlerlrel
769 3172 801 3222 28
821 3165 916 3222 tunel
969 3171 1001 3221 31
1022 3168 1153 3222 laciendae
1170 3167 1196 3219 tt

125 3240 185 3302 ian]
204 3234 305 3290 telael
372 3239 405 3291 33
423 3233 511 3304 ipsal
579 3241 612 3291 34
629 3238 765 3305 reliquit:
836 3235 1002 3290 domnnall
1071 3252 1198 3292 manusc

125 3312 158 3360 44
177 3305 277 3375 pallada
296 3320 324 3358 se
341 3302 472 3357 exibuitl
519 3305 764 3425 llatiniqdonesque
777 3304 802 3356 li
862 3305 1116 3369 coruscaverunt
1163 3307 1196 3357 46

542 3389 593 3425 tctt
682 3414 686 3419 ·

126 3441 229 3495 exsiluit
247 3440 440 3560 conclamat-ott
477 3444 510 3493 43
540 3446 628 3494 ortua
680 3444 712 3494 50
730 3440 767 3507 in]
786 3439 847 3494 ettt
899 3443 932 3493 52
950 3439 1096 3492 ulteriusM
1150 3455 1197 3492 nec

345 3508 428 3561 censis
442 3514 486 3560 unt

127 3576 227 3630 tunell
288 3578 319 3629 53
337 3577 536 3629 constituente
587 3575 784 3629 constituuntl
846 3579 878 3628 55
897 3574 1016 3627 iunctae
1076 3577 1109 3627 58
1128 3575 1198 3643 quod

127 3646 179 3697 lato
198 3645 304 3712 pariunt
322 3644 411 3696 Senes.
429 3660 487 3710 app.
503 3645 545 3710 90,
563 3643 598 3697 20
616 3663 650 3696 aa:
667 3648 736 3696 coni.
757 3644 882 3707 δοτική·
900 3645 957 3696 cod.
969 3645 1111 3726 Bomderg.
1129 3659 1198 3694 saec.

127 3795 242 3851 IX-X:
254 3795 355 3864 pariunt
417 3802 511 3864 parent
529 3795 565 3847 ΒΙ
605 3728 770 3849 l‹lllllrllma
830 3795 925 3848 feriunt
944 3794 989 3847 Μ’
1006 3799 1025 3850 ι’.
1036 3813 1060 3848 r.
1069 3795 1104 3846 13²
1120 3793 1199 3848 daal

127 3869 160 3918 53
179 3865 301 3918 festinant
318 3864 344 3916 ll
361 3868 388 3931 (n
406 3870 468 3917 ante
486 3869 495 3917 t
512 3869 531 3919 ι’.
548 3867 582 3930 ν’.)
634 3864 739 3918 festinat
757 3883 773 3921 ς
825 3864 935 3932 cincleq:
952 3867 978 3931 (e
996 3881 1031 3916 ec
1048 3864 1067 3930 i)
1085 3862 1110 3915 tt
