2692 4230
129 182 253 221 anuonurr
270 184 393 222 tnotctnn.
424 184 483 221 atax
555 166 617 233 XIII,
635 169 778 221 ddi-4⁰8.

131 340 188 402 iam
209 339 294 403 labor
315 343 346 403 in
369 341 429 402 flue
452 347 512 412 est;
536 336 680 400 obstantia
702 337 759 400 lata
780 337 890 399 removi

109 425 246 507 altaque
268 444 355 507 posse
378 422 443 503 capi
465 422 600 485 faciendo
622 423 771 506 Pergama,
795 423 870 504 cepi.

130 529 184 592 per
205 530 274 592 spes
296 526 377 571 nunc
399 505 495 569 socias
516 526 678 590 casuraque
699 509 815 571 moenia
836 507 946 571 Troum
1155 519 1199 571 tto

130 614 243 676 perque
265 596 337 656 deos
359 608 423 662 oro,
447 611 522 673 quos
543 593 622 656 hosti
645 612 740 674 nuper
761 593 866 666 ademi,

130 699 184 760 per
206 678 301 759 siquid
325 686 470 757 superest,
493 679 572 760 quod
594 679 633 739 sit
654 678 801 758 sapienter
822 677 979 758 agendum,

130 765 226 845 siquid
250 762 347 823 adhuc
368 764 462 824 audax
484 782 519 825 ex
541 761 754 844 praecipitique
775 763 933 842 petendum
957 771 1009 836 est,
1151 770 1194 822 att

130 859 192 911 este
214 846 272 908 mei
296 848 460 909 memores!
482 856 535 910 aut
556 847 581 908 si
603 845 675 906 mihi
698 863 758 906 non
780 846 856 906 datis
877 865 967 922 arma,
1155 855 1198 906 330

130 933 200 995 huie
223 925 315 991 datel’
340 942 369 994 et
391 932 520 996 ostendit
540 931 658 1009 signum
681 929 766 990 latale
787 929 944 991 Minervae.

216 1015 295 1077 blota
318 1035 424 1080 manus
446 1032 603 1098 procerum
626 1022 680 1090 est,
703 1015 824 1095 etquid
846 1015 981 1076 lacundia
1004 1023 1113 1096 posset,

129 1119 162 1162 re
185 1101 298 1182 patuit:
323 1103 466 1182 Iouisque
488 1099 543 1161 riri
564 1099 631 1161 tulit
652 1117 731 1162 arma
754 1100 888 1162 disertus.

130 1185 256 1248 llectora
280 1188 330 1268 qui
353 1187 444 1260 solus,
467 1185 519 1266 qni
541 1186 653 1247 terrum
676 1185 817 1266 ignesque
839 1185 995 1264 lovemque

129 1271 271 1334 sustinuit
292 1271 412 1346 totiens,
435 1288 523 1333 unam
547 1288 609 1332 uon
632 1270 758 1332 sustinet
778 1272 862 1345 iram,
1156 1277 1198 1330 383

130 1354 332 1439 ianctumque
353 1357 449 1418 virum
470 1356 539 1417 vicit
561 1354 655 1416 dolor.
698 1350 800 1436 arripit
816 1373 917 1417 ensem

129 1451 158 1501 et
178 1434 275 1503 ‘meus
297 1441 347 1502 bio
369 1451 449 1502 certe
472 1449 525 1501 est.
569 1458 606 1501 an
630 1450 659 1500 et
672 1440 753 1501 hune
773 1439 829 1500 sibi
851 1439 948 1520 poscit
969 1435 1088 1501 Ulixes?

128 1521 201 1587 hoc'
224 1528 265 1589 ait
284 1521 442 1587 ‘utendum
466 1525 563 1586 estin
585 1542 634 1585 me
656 1524 744 1585 mibi:
767 1525 878 1605 quique
899 1541 1005 1585 cruore

130 1628 219 1692 saepe
241 1610 391 1690 Phrygum
414 1609 536 1685 maduit,
558 1610 669 1671 domini
693 1627 773 1671 nunc
794 1610 883 1670 caede
904 1607 1041 1682 madebit,

99 1769 105 1780 Ι
130 1713 168 1755 ne
191 1694 346 1775 quisquam
370 1695 488 1758 Aiacem
511 1695 606 1776 possit
625 1713 765 1776 superare
787 1694 844 1755 nisi
866 1687 956 1755 Aiax?

130 1779 203 1840 dixit
226 1788 255 1840 et
278 1779 308 1839 in
333 1790 436 1860 pectus
458 1790 523 1842 tum
544 1780 661 1841 demum
683 1779 803 1840 vulnera
825 1796 944 1859 passum

129 1882 187 1943 qua
210 1864 306 1944 patuit
327 1865 449 1938 ferrum,
470 1863 586 1925 letalem
610 1863 740 1926 condidit
762 1881 872 1925 ensem.

130 1966 186 2010 nec
206 1948 325 2010 valuere
347 1966 453 2010 manus
475 1949 597 2010 infixum
620 1948 745 2010 edacem
766 1948 875 2011 telum:

129 2034 242 2114 expulit
263 2034 327 2114 ipse
349 2051 448 2095 cruor.
492 2033 701 2113 rubefactaque
723 2034 867 2111 sanguine
889 2032 976 2094 tellus

129 2136 312 2198 purpureum
335 2118 420 2179 viridi
443 2119 546 2197 genuit
567 2118 604 2179 de
626 2118 752 2197 caespite
774 2117 888 2191 florem,

129 2203 179 2281 qui
203 2203 286 2283 prius
309 2201 430 2264 Oebalio
453 2203 549 2266 iuerat
569 2203 607 2264 de
628 2202 747 2264 vulnere
770 2212 864 2264 natus.

129 2286 224 2349 littera
248 2287 415 2349 communis
436 2287 541 2350 mediis
562 2306 714 2370 pueroque
735 2288 856 2367 viroque

130 2373 270 2452 inscripta
293 2382 338 2433 est
361 2371 449 2447 loliis,
471 2374 545 2434 haec
567 2374 705 2447 numicis,
728 2372 775 2433 illa
798 2371 953 2451 querellae.

214 2456 314 2518 Victor
335 2456 371 2518 ad
395 2457 572 2538 Hypsipyles
594 2458 715 2538 patriam
737 2456 866 2536 clarique
888 2456 1030 2518 Thoantis

130 2553 158 2602 et
180 2551 310 2602 veterum
334 2552 428 2603 terras
449 2542 573 2604 infames
594 2544 682 2604 caede
703 2543 830 2603 nieorum

128 2626 189 2687 rela
212 2626 271 2698 dat,
293 2636 326 2686 ut
349 2627 456 2688 referat
476 2626 630 2707 Tirynthia
653 2626 718 2699 tela,
741 2627 867 2706 sagittas

130 2730 205 2792 quae
228 2721 384 2791 postquam
406 2711 442 2772 ad
465 2710 579 2786 Graios,
602 2712 721 2773 domIoo
744 2712 912 2784 comitante,
933 2711 1053 2784 revexit,

129 2796 257 2875 inposita
281 2805 414 2857 estsere
437 2796 555 2858 tandem
578 2815 682 2858 manns
705 2796 804 2856 ultima
826 2795 915 2857 bello.

128 2880 227 2956 [Troia
250 2879 338 2941 simul
361 2880 554 2962 Priamusque
575 2882 701 2944 cadunt:
724 2881 864 2942 Priameia
886 2881 1014 2942 coniunx

129 2965 255 3044 perdidit
278 2965 379 3026 inielix
403 2965 531 3028 hominis
553 2977 619 3048 post
643 2966 739 3027 omnia
763 2967 897 3040 sormam,

129 3062 324 3129 externasque
348 3068 423 3110 novo
446 3050 552 3114 latratu
575 3052 679 3113 terruit
702 3070 797 3124 auras,

128 3135 236 3212 longus
258 3135 288 3195 in
312 3147 469 3214 angustum
493 3156 550 3218 qua
573 3136 718 3198 clauditur
741 3135 969 3216 Hellespontus}

129 3217 202 3279 llion
227 3218 358 3294 ardebat,
383 3239 480 3302 neque
500 3221 597 3284 adhuc
619 3221 790 3282 consederat
812 3220 899 3300 ignis,

198 3405 246 3455 373
266 3401 333 3467 leijta
352 3402 377 3454 bl
430 3407 480 3457 att
498 3405 622 3473 capiendo
635 3404 660 3456 bl
713 3407 773 3456 Post
785 3406 833 3456 3ῖὸ
853 3406 916 3455 beer
927 3408 989 3454 stent
1007 3407 1035 3453 in
1048 3403 1195 3454 codicibus:

130 3472 150 3520 si
170 3468 261 3521 Troiae
280 3470 354 3534 letis,
372 3471 468 3540 aliquid
488 3479 582 3525 restare
601 3474 704 3541 putatis.
740 3489 807 3538 quoe
824 3472 971 3523 bentleium
988 3477 1092 3522 seruarc
1109 3476 1139 3521 ut
1156 3475 1196 3522 in·

127 3541 220 3588 eitr‘er'u
236 3539 333 3589 seclusi
402 3543 450 3593 383
469 3543 504 3605 re]
525 3547 584 3593 tune
602 3561 615 3592 ε
667 3548 719 3592 turn
739 3542 753 3591 b
769 3607 779 3659 Ι
796 3543 854 3659 113094
873 3540 1008 3608 ignemque
1027 3558 1042 3595 s
1059 3539 1107 3600 (ef.
1118 3556 1140 3591 o.
1149 3541 1195 3604 91)

130 3675 180 3726 395
198 3672 341 3725 sustulitll
400 3677 449 3728 386
468 3676 546 3728 vineit
564 3676 652 3727 Helm.
709 3678 758 3729 359
794 3692 871 3727 nece
929 3677 975 3727 391
997 3674 1095 3731 terror
1146 3677 1195 3728 399

130 3774 290 3841 ab-patrie
304 3773 328 3824 lll
376 3776 573 3846 adysipbylese
624 3779 673 3829 l00
689 3776 720 3828 ad
735 3755 896 3828 uetei'e*bl
956 3779 1006 3829 toa
1025 3776 1195 3844 impositaque

130 3842 184 3893 lero
196 3849 236 3893 est
249 3842 267 3893 C
320 3843 480 3913 impositaeq
496 3865 509 3896 a
560 3847 693 3899 tot-Iti
707 3844 871 3895 cdrtlterr'nos
883 3862 936 3895 esse
948 3848 1073 3910 cognouit
1085 3846 1195 3912 Bentley

129 3913 179 3962 406
198 3913 275 3974 noro]
294 3925 361 3963 rano
381 3911 396 3963 b
450 3927 554 3966 anrese
606 3916 751 3965 cresconi.
771 3913 852 3963 Bothe

182 3999 260 4049 orta,
276 4000 364 4045 lteram.
982 3995 1019 4043 hh
