2692 4230
175 136 291 173 aracusa
630 122 670 186 Vl,
688 124 797 175 tt-ut.

179 291 314 357 bracchia
338 298 422 357 docta
444 301 570 364 movent,
593 291 690 353 studio
712 291 829 356 lallente
850 293 988 356 lahorem.

179 377 239 440 illic
262 391 290 442 et
312 381 431 462 Tyrium
454 395 528 457 quae
551 394 681 458 purpura
703 379 794 441 sensit
813 390 920 443 aeuum

176 465 286 527 texitur
310 474 338 525 et
359 474 464 525 tenues
486 462 565 541 parri
588 462 764 525 discriminis
787 464 916 539 umbrae,

177 548 272 628 qualis
294 548 330 610 ab
353 547 446 608 imbre
468 544 544 607 solet
566 548 713 628 percussis
735 547 845 610 solibus
866 569 952 612 arcus

178 633 300 694 inlicere
323 629 434 710 ingenti
458 628 580 710 longum
602 632 770 695 curvamine
791 633 918 695 caelum:

176 718 207 779 iu
231 735 290 797 quo
313 715 420 776 diversi
443 715 556 779 niteant
578 735 644 779 cum
667 716 747 777 mille
769 716 893 790 colores,

174 801 316 863 transitus
338 800 401 879 ipse
424 807 522 862 tamen
545 800 706 883 spectantia
727 799 838 862 lumina
860 802 948 876 lallit3

175 903 270 965 usque
293 883 365 945 adeo
388 887 465 964 quod
489 887 580 966 tangit
602 885 679 947 idem
702 894 754 958 est,
777 894 871 946 tamen
894 887 995 949 ultima
1018 887 1136 950 distant.

174 969 236 1030 illic
259 978 289 1029 et
311 967 423 1030 lentum
446 971 502 1032 iilis
522 971 679 1033 inmittitur
699 987 803 1030 aurum

174 1061 311 1114 etvetus
333 1054 362 1115 iu
387 1056 442 1118 tela
464 1056 617 1117 deducitur
638 1063 851 1132 argumentum.

174 1136 317 1220 Cecropia
340 1138 433 1201 Pallas
455 1141 609 1221 scopulum
632 1137 768 1201 llarcrtis
790 1139 820 1201 in
843 1159 910 1202 arce

173 1222 270 1302 pingit
293 1231 324 1285 et
345 1225 494 1305 antiquam
517 1225 553 1284 de
575 1233 669 1285 terrae
692 1224 811 1286 nomine
834 1224 923 1287 litem.

172 1306 293 1370 bissex
315 1309 456 1371 caelestes
477 1307 574 1369 medio
596 1307 663 1369 lore
685 1308 802 1370 sedibus
823 1308 890 1370 altis

173 1403 297 1472 augusta
319 1394 457 1473 gravitate
480 1393 591 1454 sedent.
635 1412 687 1456 sua
709 1411 855 1474 quemque
878 1394 1000 1456 deorum

173 1477 309 1539 inscribit
332 1478 435 1539 iacies:
460 1477 535 1538 loris
557 1488 599 1539 est
622 1477 727 1557 regalis
748 1477 853 1556 imago,

172 1572 250 1624 stare
272 1563 361 1624 deum
384 1561 479 1642 pelagi
501 1561 651 1643 longoque
673 1562 758 1624 ferire
779 1564 905 1625 tridente

172 1665 276 1728 aspera
298 1665 365 1708 saxa
389 1647 466 1719 lacit,
488 1649 644 1728 medioque
666 1666 683 1709 e
704 1646 824 1711 vulnere
845 1649 906 1710 saxi

172 1731 310 1792 exiluisse
332 1731 449 1804 fretum,
472 1751 531 1813 qun
554 1732 678 1812 pignore
700 1732 824 1795 vindicet
845 1733 959 1806 urbem,

170 1827 201 1878 at
222 1815 279 1877 sibi
302 1816 352 1877 dat
373 1816 510 1897 clipeum,
533 1817 581 1878 dat
602 1829 704 1879 acutae
724 1817 853 1899 cuspidis
874 1819 995 1892 hastam,

170 1901 220 1962 dat
241 1900 353 1980 galeam
376 1901 474 1982 capiti,
496 1902 663 1964 defenditur
683 1903 784 1982 aegide
805 1913 917 1984 peetus,

170 2003 402 2067 percussamque
424 2005 475 2049 sua
498 1987 616 2048 simulat
637 1987 673 2048 de
694 1988 814 2065 cuspide
837 1998 941 2051 terram

171 2071 259 2132 edere
281 2090 350 2132 cum
372 2071 451 2133 bacis
474 2073 565 2133 letum
587 2073 720 2133 canentis
740 2072 830 2133 olivae

171 2155 332 2236 mirarique
353 2156 440 2216 deos:
463 2157 563 2237 operis
584 2156 705 2218 victoria
725 2157 803 2217 linis.

172 2249 205 2302 ut
226 2249 325 2301 tamen
348 2240 490 2322 exemplis
513 2240 663 2321 intellegat
683 2241 794 2304 aemula
816 2241 920 2315 laudis,

171 2324 252 2405 quod
274 2327 405 2406 pretium
427 2335 526 2406 speret
547 2345 601 2407 pro
624 2336 682 2388 tam
705 2326 857 2389 furialibus
878 2326 967 2401 ausis,

171 2418 313 2490 quattuor
334 2411 364 2471 in
389 2421 486 2491 partes
508 2410 666 2473 certamina
688 2421 825 2492 quattuor
846 2411 934 2484 addit,

170 2494 248 2556 clara
271 2494 371 2556 colore
392 2515 457 2570 suo,
481 2496 617 2558 brevibus
640 2496 776 2559 distincta
797 2494 908 2574 sigillis.

168 2578 336 2641 Threiciam
360 2579 524 2662 Rhodopen
547 2581 634 2643 habet
655 2581 781 2660 angulus
803 2599 880 2643 unus
902 2589 931 2641 et
953 2579 1107 2653 Haemum,

170 2682 252 2726 nunc
274 2665 388 2744 gelidos
410 2675 535 2739 montes,
556 2667 689 2728 mortalia
711 2683 834 2747 corpora
857 2665 1015 2745 quondam,

170 2750 291 2812 nomina
312 2767 496 2812 summorum
518 2751 574 2813 sibi
597 2752 647 2831 qui
670 2751 796 2812 tribuere
817 2751 950 2811 deorum.

169 2834 260 2896 altera
283 2834 444 2914 Pygmaeae
468 2837 558 2898 latum
580 2834 744 2897 miserabile
765 2835 864 2897 matris

169 2938 238 3000 pars
261 2919 363 2980 habet:
386 2921 463 2983 hauc
484 2921 558 2983 luno
580 2923 684 2982 vietam
706 2921 866 2983 certamine
888 2919 973 2981 iussit

237 3157 270 3206 60
289 3103 376 3205 murgi
393 3154 436 3205 ll¹
489 3154 553 3220 tall]
572 3151 734 3206 minuentei
786 3159 815 3208 61
835 3155 946 3211 sentite
1007 3156 1039 3206 62
1059 3153 1152 3204 texitur
1170 3153 1188 3220 (i
1207 3170 1242 3203 ex

167 3308 342 3370 el—tenues
359 3307 398 3372 (es
412 3324 446 3357 ex
458 3307 489 3370 is)
508 3309 577 3374 parri
591 3308 608 3370 ti
622 3309 640 3356 i.
653 3309 686 3368 r.)
699 3306 723 3357 ll
777 3307 889 3376 parrpB
943 3311 975 3360 66
994 3307 1068 3357 illea
1122 3308 1153 3358 ut
1173 3253 1241 3357 ιάξεῑ

166 3440 209 3493 ld¹
264 3372 479 3511 tulsffipuluma
531 3457 588 3494 arce
606 3444 630 3504 (e
648 3443 761 3494 emim,
778 3442 805 3506 2)
823 3441 847 3494 ll
910 3446 940 3495 ll
961 3444 1062 3495 nomine
1083 3442 1196 3506 tieoee)
1215 3440 1241 3492 lt

661 3542 689 3577 ·r·
715 3526 826 3581 monitui

166 3599 197 3648 ’Π
216 3594 312 3646 eicB¹
382 3611 475 3663 equum
494 3595 532 3646 Β2
556 3600 575 3649 i.
592 3613 615 3647 r.
640 3594 706 3649 ltert't
840 3602 862 3658 (r
883 3595 1058 3662 excomllll
1126 3596 1241 3652 terum:

166 3729 224 3782 lacu
242 3730 311 3783 salse
329 3731 492 3783 Lactantius
543 3732 666 3798 pinguem
684 3731 886 3795 releeiludicet
903 3732 928 3784 ll
987 3737 1019 3787 78
1036 3681 1131 3800 linitae
1149 3734 1198 3796 (er.
1216 3739 1239 3786 cl

166 3798 192 3849 ll
245 3801 276 3851 81
298 3796 440 3865 prodered
500 3801 532 3851 82
550 3799 621 3865 operi
639 3800 727 3853 dicim.
790 3798 924 3853 victoriii
984 3804 1016 3855 et
1034 3801 1065 3853 de
1083 3796 1241 3853 brevibusd

166 3869 199 3920 at
218 3864 367 3919 traiciami.
419 3867 530 3919 llaemou
549 3869 636 3921 Heius,
704 3871 737 3920 tu
756 3865 884 3921 factumi
952 3873 982 3923 91
1006 3870 1089 3933 iussit]
1109 3868 1205 3920 dixite
