2692 4230
232 116 331 156 causus
697 106 734 165 ΙΙΙ,
756 109 844 160 1-oe.

232 295 321 356 quem
344 287 500 362 postquam
524 276 609 356 Tyria
632 278 729 341 lucum
753 281 898 360 degente
922 282 1045 361 proleoti

231 363 361 427 inlausto
384 367 507 442 tetigere
528 363 631 440 gradu,
653 366 837 446 demissaque
859 367 888 427 in
912 367 1005 427 trudas

231 467 307 512 urna
328 450 409 512 dedit
430 447 572 520 sonitum,
596 448 684 529 longo
706 461 795 531 eaput
816 451 917 512 extulit
939 461 1023 513 antro

232 535 385 596 cacruleus
407 550 530 612 serpeus
553 534 755 616 horrendaque
776 535 860 595 sibila
883 537 969 598 misit.

232 620 373 680 eliluxere
395 635 487 677 urnae
510 620 656 690 manibus,
679 621 856 698 sanguisque
878 621 1018 701 relinquit

230 720 352 784 eorpus,
375 712 404 761 et
425 702 568 765 attonitos
589 707 703 767 subitus
725 716 835 764 tremor
857 716 982 785 occupat
1003 716 1092 768 artus.

231 787 281 848 ille
304 785 481 848 volubilibus
503 807 676 869 squamosos
698 789 821 849 nexibus
844 788 931 850 orbes

232 879 352 947 torquet
374 880 404 932 et
427 871 577 937 inmensos
599 875 671 936 saltu
695 876 829 933 sinuatur
850 875 879 933 in
903 893 999 945 arcus,

230 973 265 1016 ao
288 955 381 1016 media
404 957 471 1036 plus
494 971 576 1040 parte
598 961 674 1021 leres
697 968 811 1019 erectus
833 960 863 1018 iu
886 977 971 1020 auras

230 1040 356 1120 despicit
378 1060 466 1103 omne
490 1063 603 1116 nemus,
627 1053 765 1123 tantoque
788 1053 833 1103 est
854 1061 989 1124 corpore,
1012 1057 1122 1126 quanto

230 1125 254 1184 si
277 1132 374 1185 totum
395 1139 522 1208 spectes,
544 1128 675 1208 geminas
697 1129 746 1208 qui
768 1138 883 1207 separat
903 1137 1008 1190 arctos.

231 1227 402 1282 memora,
428 1213 599 1279 Phoenicas.
622 1214 680 1274 sire
704 1215 743 1273 illi
767 1215 822 1275 tela
847 1213 997 1294 parabant,

230 1294 291 1355 sive
312 1296 422 1377 lugam,
445 1297 505 1359 sive
527 1297 590 1377 ipse
614 1300 701 1358 timor
722 1298 895 1379 prohibebat
917 1307 1086 1379 utrumque,

229 1393 371 1461 occupat:
394 1383 449 1443 hos
470 1400 581 1451 morsu,
605 1385 701 1463 longis
721 1383 915 1462 ronplexibus
936 1383 1013 1454 illos,

229 1465 284 1526 hos
307 1476 392 1528 necat
413 1467 509 1528 adllati
533 1469 646 1530 lunesta
670 1469 734 1529 tabe
757 1469 870 1528 veneni.

229 1550 339 1611 leserat
360 1551 479 1629 exiguas
501 1553 558 1614 iam
581 1553 625 1614 sol
646 1553 803 1615 altissimus
824 1553 957 1614 umbras:

229 1651 304 1714 quae
326 1652 408 1696 mora
431 1636 469 1697 sit
490 1637 588 1709 sociis,
611 1639 732 1700 miratur
754 1641 890 1716 Agenore
911 1646 997 1700 natus

230 1720 410 1800 vestigatque
432 1724 519 1783 viros.
563 1733 699 1802 tegumen
722 1724 834 1803 direpta
858 1723 952 1784 leonis

228 1802 314 1884 pellis
336 1815 409 1876 erat,
431 1806 522 1869 telum
543 1807 712 1888 splendenti
734 1811 833 1869 lancea
857 1809 934 1869 lerro

228 1897 258 1949 et
279 1887 419 1963 iaculum,
442 1890 561 1973 teloque
583 1893 699 1955 animus
720 1894 914 1974 praestantior
936 1893 1027 1955 omni.

228 1984 261 2033 ut
283 1992 389 2036 nemus
411 1976 529 2039 intravit
549 1977 694 2059 letataque
716 1997 840 2060 corpora
864 1979 932 2039 vidit

228 2058 427 2141 victoremque
450 2080 540 2143 supra
562 2065 682 2143 spatiosi
705 2065 839 2144 corporis
861 2065 973 2124 hostem

227 2144 321 2207 tristia
343 2146 505 2224 sanguinea
527 2146 704 2210 lambentem
726 2149 845 2208 vulnera
867 2147 977 2225 lingua,

223 2221 287 2289 ‘aut
310 2229 390 2291 ultor
411 2242 532 2314 vestrae,
556 2233 692 2295 fidissima
716 2243 845 2312 pectora,
867 2231 980 2305 mortis,

227 2324 278 2374 aut
299 2305 406 2376 eomes’
432 2316 528 2398 iuquit
545 2311 629 2379 ‘eru'
674 2319 746 2380 (lixit
767 2319 925 2397 dextraque
947 2316 1087 2378 molarem

227 2399 345 2460 sustulit
367 2411 398 2461 et
419 2420 558 2482 maguum
580 2422 687 2482 magno
711 2403 865 2464 oouamiue
888 2402 975 2462 misit.

228 2482 307 2545 illius
330 2484 457 2565 impulsu
481 2505 549 2549 cum
572 2488 702 2550 turribus
723 2490 811 2550 ardua
835 2487 920 2548 celsis

226 2568 343 2631 moenia
364 2581 444 2632 mota
466 2573 724 2654 loreut:.serpens
745 2574 808 2634 sine
830 2572 950 2634 vulnere
972 2570 1080 2631 mansit

226 2653 394 2736 loricaeque
416 2657 504 2719 modo
526 2659 656 2738 squamis
677 2659 815 2718 defensus
837 2667 866 2717 et
888 2666 967 2717 atrae

226 2739 335 2801 duritia
357 2739 443 2821 peliis
463 2742 574 2803 validos
596 2755 662 2803 oute
685 2743 813 2823 reppulit
835 2743 919 2803 ictus.

225 2835 255 2885 at
278 2842 338 2885 uon
362 2825 468 2887 duritia
492 2827 618 2889 iaculum
642 2847 759 2908 quoque
780 2827 846 2888 vicit
870 2827 986 2886 eadem:

226 2909 304 2989 quod
328 2910 424 2972 medio
448 2911 544 2973 lentae
566 2914 667 2994 spinae
690 2914 857 2974 curvamine
879 2912 967 2971 fixum

226 2996 368 3069 constitit,
392 3008 421 3056 et
443 3009 536 3059 totum
558 2999 708 3060 descendit
731 2999 760 3058 in
785 2997 831 3058 ilia
855 2997 974 3056 serrum.

226 3079 275 3139 ille
297 3081 399 3142 dolore
421 3082 503 3143 leros
525 3095 614 3163 eaput
636 3085 666 3143 in
689 3102 740 3143 sua
764 3094 842 3161 terga
865 3081 982 3150 retorsit

260 3184 264 3186 -
270 3183 423 3194 ——--—--..-

294 3217 326 3267 36
345 3214 457 3268 inlaustu
476 3216 500 3267 ΙΙΙ
554 3221 584 3268 3Ι
603 3220 674 3268 stol
727 3220 759 3269 39
778 3230 855 3267 urnae
869 3216 957 3265 lleim.
994 3213 1115 3265 undaerl
1169 3213 1295 3279 relilllquit

609 3353 689 3406 lsos'
824 3301 900 3404 leol'
943 3350 991 3402 liu
1004 3366 1089 3400 arcum

225 3415 249 3466 ll
286 3418 423 3507 reliquitbc
475 3425 503 3473 41
526 3438 677 3488 squamosus
696 3421 719 3471 ll
772 3424 804 3472 42
823 3423 870 3471 urr'
900 3418 924 3469 ll
964 3420 988 3468 in
1007 3418 1118 3470 orbese
1154 3414 1295 3468 sinuatusi

225 3556 258 3605 ll
276 3504 385 3621 quamq?
403 3556 428 3608 Μ
481 3559 513 3609 lii
533 3552 684 3622 phenicesi
736 3561 765 3608 ΙΙ
786 3557 841 3621 ipse
859 3551 944 3606 unul
1001 3556 1032 3604 lt
1050 3551 1128 3603 sicil
1175 3553 1297 3617 amplexi-

226 3621 306 3680 bus:
353 3629 386 3676 ⁴9
404 3624 493 3676 aiilatu
513 3625 554 3674 Re
595 3626 640 3674 lios
659 3625 788 3675 lirnestae
841 3630 872 3675 ou
892 3622 995 3674 ulubras
1013 3638 1047 3671 ex
1065 3622 1167 3672 umbras
1186 3619 1209 3669 ΙΙ
1262 3623 1295 3671 52

226 3692 382 3754 tegumenll
416 3688 553 3759 tegmen).
598 3692 700 3759 derepta
719 3692 775 3742 eod.
793 3693 933 3741 Beruenses
951 3688 1074 3741 leonilll
1110 3689 1212 3742 leonis
1263 3692 1293 3738 ut

225 3757 341 3826 trislilllia
358 3760 384 3812 M
436 3764 468 3814 58
487 3769 589 3828 pectora
609 3765 677 3811 coni.
689 3762 784 3824 Heius,
800 3755 844 3809 ‘rte
861 3759 988 3809 delicatus
1005 3774 1083 3807 orares
1100 3761 1193 3806 uterito
1212 3757 1295 3816 offera-

224 3825 273 3875 dot
289 3831 453 3881 inconcinna
470 3832 578 3880 iteratio
597 3832 711 3879 eiusdem
730 3822 824 3890 uocis';
839 3829 964 3893 probauit
981 3825 1094 3890 Bentley
1130 3839 1234 3891 corpora
1254 3840 1295 3872 cu-

225 3901 296 3951 dices
348 3901 379 3951 65
398 3913 503 3964 quoque
521 3914 556 3947 eoe
573 3912 673 3966 queque
691 3896 715 3948 lli
1072 3964 1106 4017 ῃ
