2692 4230
134 141 186 182 on.
203 142 285 183 ruerus
561 126 616 194 XV,
633 129 778 185 ‘tte-81³.
1142 129 1203 193 353

201 300 299 364 ·'l'alia
321 300 502 381 nequiquam
523 307 585 361 toto
606 297 707 362 Venus
727 299 813 364 auxia
834 298 916 362 caelo

133 384 220 447 verba
242 387 312 449 iacit
333 400 517 466 superosque
537 393 644 448 moret
687 385 739 466 qui
760 403 899 468 rumpere
920 402 1096 466 quamquam
1159 397 1202 452 ‘lto

134 469 229 533 leiren
250 490 312 533 non
336 477 461 550 possunt
481 478 611 533 veterum
633 470 749 541 decreta
771 488 918 546 sororum,

133 554 217 635 signa
240 564 336 618 tamen
359 552 458 616 luctus
478 555 550 618 dant
569 555 648 626 baud
669 553 780 617 ineerta
801 556 904 627 intnri.

132 657 213 702 arma
236 641 335 702 lenrnt
356 637 434 700 iuter
456 639 554 719 nigras
575 639 749 721 crepitantia
770 640 867 704 nubes

133 723 337 803 terribilesque
358 723 444 786 tubas
465 724 622 803 auditaque
643 740 755 785 cornua
777 723 858 786 caelo

132 807 354 889 praemonuisse
376 810 469 871 naias.
511 806 582 867 solis
604 824 724 886 quoqne
745 807 837 871 tristis
858 809 954 888 imago
1158 817 1202 869 785

133 892 227 953 lurida
250 891 383 956 sollicitis
406 890 564 975 praebebat
584 889 694 952 lumina
719 890 814 954 terris.

133 994 220 1056 saepe
240 977 319 1040 iaces
340 979 419 1040 visae
440 975 545 1037 mediis
564 976 668 1038 ardere
689 974 745 1038 snb
766 975 864 1051 astris,

132 1078 220 1142 saepe
240 1061 319 1125 inter
340 1059 458 1124 nimbos
479 1067 580 1140 guttae
596 1059 735 1123 'cecidere
755 1067 906 1134 cruentae.

132 1144 268 1226 caerulus
289 1158 318 1209 et
341 1146 453 1208 vultum
475 1146 626 1227 ferrugine
646 1145 766 1209 Lucifer
786 1155 848 1210 atra

131 1249 251 1312 sparsus
274 1239 347 1306 erat,
368 1231 463 1312 sparsi
484 1231 618 1294 Lunares
638 1231 784 1310 sangnine
804 1249 920 1294 currus.

132 1315 224 1377 tristia
246 1314 327 1376 mille
349 1315 422 1378 locis
444 1315 564 1397 Stygius
585 1316 666 1378 dedit
686 1316 786 1378 omnia
807 1315 898 1391 bubo,

131 1398 212 1460 mille
233 1398 306 1462 locis
327 1401 488 1463 lacrimavit
509 1399 583 1462 ebnr
604 1409 769 1481 cantusque
788 1401 926 1464 teruntur

131 1483 222 1546 auditi
244 1485 356 1547 sanctis
378 1495 407 1546 et
428 1482 516 1545 verba
537 1483 680 1546 minantia
701 1483 788 1546 lucis.

131 1567 246 1631 victima
269 1568 349 1631 nulla
371 1568 436 1630 litat
457 1587 639 1650 magnosque
659 1568 770 1632 instare
791 1569 936 1638 tumultus
970 1616 975 1646 ἱ

131 1653 205 1715 dbra
226 1662 337 1726 mouet,
360 1672 538 1734 caesumque
557 1663 649 1736 capnt
667 1654 816 1736 reperitur
835 1653 868 1716 in
889 1653 973 1716 extis.
987 1699 1003 1718 ,.

131 1737 222 1818 inqna
244 1738 308 1799 loro
331 1738 503 1820 circumque
524 1741 628 1801 domos
649 1748 679 1801 et
700 1739 810 1821 templa
827 1739 973 1815 deornm¹
1000 1787 1013 1808 .,

132 1831 295 1884 nocturnos
317 1823 446 1886 ululasse
468 1841 556 1886 canes
578 1822 755 1905 umbrasque
775 1823 916 1886 silentum

131 1907 271 1970 erravisse
294 1908 393 1970 ierunt
414 1917 584 1990 motamque
605 1907 783 1971 tremoribus
806 1907 918 1971 urbem.

131 2010 192 2053 non
215 2002 312 2054 tamen
334 1993 455 2055 insidias
476 2004 659 2074 venturaque
678 1993 796 2056 vincere
816 1993 875 2056 iata

131 2077 332 2157 praemonitus
354 2089 478 2159 potuere
499 2079 586 2140 deum
608 2077 761 2159 strictique
782 2079 919 2141 teruntur

131 2162 162 2223 in
184 2160 326 2243 templum
349 2163 448 2240 gladii.
492 2182 589 2246 neque
611 2164 691 2226 enim
713 2163 797 2225 locus
819 2163 899 2228 ullus
919 2162 950 2226 iu
973 2160 1046 2226 urbe

131 2246 167 2308 ad
189 2246 303 2309 lacinus
325 2249 478 2329 diramque
499 2248 605 2330 placet,
629 2248 686 2311 uisi
707 2248 799 2323 ouria,
821 2249 950 2332 caedem.

131 2340 192 2393 tum
215 2350 284 2393 vero
307 2332 450 2412 Cytherea
471 2352 560 2396 manu
583 2333 731 2414 percussit
751 2342 876 2414 utraque

131 2426 234 2496 pectus
255 2426 286 2478 et
307 2419 464 2480 Aeneaden
486 2418 608 2481 molitor
628 2416 757 2479 condere
778 2416 869 2490 nube,

131 2518 188 2581 qna
210 2501 293 2582 prins
315 2501 423 2565 infesto
445 2503 528 2565 Paris
549 2513 594 2566 est
615 2511 737 2582 ereptus
759 2502 877 2564 Atridae

131 2595 160 2646 et
181 2584 357 2648 Diomedeos
379 2590 493 2650 Aeneas
514 2588 629 2667 ingerat
649 2605 745 2649 enses.

132 2669 237 2732 talibus
258 2671 336 2733 banc
358 2673 492 2751 genitor:
512 2667 587 2735 ‘sola
608 2670 808 2753 insuperabile
829 2671 932 2746 latum,

133 2765 209 2828 nata,
232 2773 349 2817 movere
371 2756 480 2839 paras?
502 2758 593 2820 intres
614 2757 684 2819 licet
706 2756 769 2838 ipsa
792 2774 928 2818 sororum

130 2849 205 2901 tecta
228 2841 335 2902 trium:
358 2860 463 2905 cernes
484 2842 544 2904 illic
565 2841 717 2904 molimine
738 2850 820 2904 vasto

131 2942 166 2985 ex
188 2943 254 2986 aere
277 2936 303 2986 et
328 2927 422 2988 solido
445 2945 544 2989 rernm
567 2926 710 2989 tabularia
732 2927 821 2999 ferro,

131 3028 206 3088 quae
228 3029 325 3091 neque
348 3029 526 3074 concursum
548 3010 621 3073 caeli
643 3029 741 3092 neque
762 3009 896 3072 inlmiuis
917 3009 990 3071 iram

132 3112 187 3155 nec
208 3105 345 3157 metuunt
366 3096 441 3158 ullas
462 3105 524 3159 tnta
544 3107 633 3177 atque
652 3106 773 3158 aeterna
793 3095 906 3157 ruinas.

131 3179 261 3240 invenias
284 3179 343 3242 illic
365 3183 457 3243 incisa
479 3182 630 3243 adamante
651 3180 777 3261 perenni

197 3378 266 3500 785¹
281 3394 504 3514 pgpgqppiesrsem
567 3449 617 3500 786
635 3445 780 3514 praemebat
799 3445 815 3496 b
833 3449 900 3496 testa
916 3444 1002 3496 lilerio
1071 3445 1197 3499 tarmes.

130 3517 278 3569 186.”ι8ῑε
347 3519 397 3567 ῖ90
421 3530 510 3568 comus
533 3516 549 3567 b
572 3519 637 3566 teste
654 3513 741 3566 lliesa'o
810 3516 862 3566 79³
883 3512 1021 3566 minatialr
1090 3512 1197 3565 minacia

365 3597 443 3651 ltnm

128 3666 203 3718 lla'ese
254 3669 302 3719 791
322 3667 428 3720 silentes
460 3686 474 3719 a
525 3670 574 3720 802
592 3672 669 3734 ppcet
687 3664 805 3735 placetb
859 3668 908 3720 sos
926 3672 952 3716 et
966 3662 1103 3718 Aeneaden
1122 3664 1199 3716 codd.

129 3733 274 3785 Vossianus
291 3740 318 3785 et
336 3736 495 3786 basileensis
544 3733 589 3786 sed
608 3734 746 3787 tandemh
804 3738 830 3785 et
848 3733 1005 3786 interdnma
1063 3734 1112 3785 tot
1132 3731 1198 3785 solio

128 3802 176 3856 ins.
195 3802 263 3871 bello]
282 3802 362 3855 latum
379 3803 396 3854 b
448 3807 511 3871 pan]
530 3811 634 3870 putasa
687 3805 735 3856 alo
753 3818 785 3854 ex
801 3803 870 3869 aere}
886 3817 1019 3855 exereres
1072 3803 1119 3854 811
1139 3815 1200 3854 aon·

128 3885 262 3923 cussonis
315 3873 363 3922 813
383 3871 440 3936 inc]
461 3871 556 3923 inclusa
577 3870 592 3921 b

180 3961 261 4007 uvea.
276 3961 364 4004 Metam.
975 3954 1016 4002 ‘tn
