2692 4230
128 175 251 215 monna
268 176 381 215 mutuus
511 157 575 225 xffl,
590 158 736 215 ras-mo.

129 341 263 416 tempore
284 332 320 396 ab
342 335 408 404 boc,
430 327 639 412 quodcumque
660 337 758 410 potest
778 327 883 392 fecisse
904 329 996 390 rideri

129 417 245 481 fortiter
265 417 330 491 iste,
351 432 450 477 menna
471 422 527 488 est,
549 415 600 495 qui
622 415 739 478 dantem
760 425 844 496 terga
863 415 981 476 retraxi.
1042 421 1045 428 '

129 503 258 584 deniqne
278 502 315 563 de
336 498 443 562 Danais
465 499 533 579 quis
553 511 583 561 te
605 499 738 563 laudatve
758 497 890 582 petitve‘l

128 596 159 650 at
179 606 232 650 sua
253 584 378 665 Tydides
399 601 516 647 mecum
537 585 736 647 communicat
756 594 829 659 acta,

128 690 177 735 nae
198 669 305 752 probat
326 677 355 729 et
375 669 456 730 socio
479 687 597 750 semper
618 668 740 730 conlldit
761 669 854 731 Ulixe.

129 765 174 818 est
194 752 314 834 aliquid,
335 752 372 813 de
392 763 437 816 tot
459 753 614 817 Gmiornnr
635 752 755 815 milibus
775 770 868 816 unum

129 860 145 903 a
168 837 308 901 Diomede
330 836 402 917 legil
424 873 468 885 -
490 857 547 900 nec
567 855 615 898 me
636 854 702 898 sors
723 837 766 898 ire
788 836 924 899 iubebat:

96 1000 99 1007 Ι
129 941 195 986 sum
217 931 315 983 tamen
337 932 366 984 et
386 933 486 1006 spreto
510 921 663 1001 noctisque
685 920 837 1001 hostisque
858 922 970 1001 periclo

129 1024 218 1070 ausus
239 1016 267 1068 et
288 1025 393 1070 ausum
414 1009 514 1070 eadem
537 1005 661 1086 Phrygia
683 1006 720 1067 de
741 1014 830 1084 gente
851 1003 965 1069 Dolona

130 1089 286 1153 interimo:
309 1110 370 1154 non
392 1103 461 1154 ante
482 1101 590 1166 tamen,
613 1108 700 1172 quam
723 1099 828 1152 cuncta
850 1091 935 1169 coegi

131 1175 265 1255 prodere,
288 1187 318 1239 et
339 1177 455 1252 edidici,
477 1177 548 1258 quid
569 1177 679 1258 perlida
702 1175 790 1238 'lroia
811 1185 938 1256 pararet.

131 1261 229 1324 omnia
252 1278 421 1340 cognoram,
443 1281 509 1335 nec,
532 1261 610 1343 quod
632 1260 810 1342 specularer,
831 1260 974 1323 habebam

131 1356 159 1408 et
180 1345 238 1409 iana
260 1347 405 1427 promissa
426 1356 559 1427 poteram
581 1363 648 1406 cnm
669 1345 756 1406 lande
775 1344 893 1407 reverti.

130 1431 207 1493 haud
230 1440 387 1493 contentus
408 1448 443 1492 eo
465 1430 536 1511 petii
558 1429 684 1491 tentoria
704 1428 793 1490 Rhesi

130 1515 222 1596 inque
243 1517 306 1577 suis
328 1517 424 1596 ipsum
447 1513 553 1576 castris
573 1514 753 1594 comitesque
774 1513 897 1593 peremi.

130 1611 218 1681 atque
239 1600 278 1661 ita
300 1599 413 1679 captivo
435 1599 530 1661 victor
550 1598 684 1680 votisque
705 1597 817 1678 potitus

131 1683 281 1763 ingredior
301 1701 391 1745 curru
412 1684 505 1746 laetos
525 1683 656 1747 imitante
677 1683 855 1764 triumphos.

130 1768 216 1830 cuius
236 1785 329 1847 equos
351 1769 478 1850 pretium
506 1788 561 1851 pro
583 1778 672 1831 nocte
692 1776 870 1850 poposcerat
891 1767 996 1841 hostis,

129 1870 210 1915 arma
231 1863 337 1931 negate
357 1854 439 1926 mihi,
461 1850 609 1935 fueritque
630 1853 788 1932 benignior
808 1852 896 1914 Aiaxl

131 1937 200 2019 quid
222 1936 304 2018 Lycii
325 1939 449 2002 referam
472 1938 652 2020 Sarpedonis
673 1938 789 2016 agmina
810 1937 890 2000 lerro

130 2023 274 2085 devastata
295 2021 385 2084 meo?
407 2042 475 2085 cum
497 2022 589 2085 multo
611 2022 755 2101 sanguine
776 2021 839 2082 ludi

130 2106 284 2169 Coeranon
306 2106 452 2187 Iphitiden
476 2116 505 2168 et
527 2106 716 2188 Alastoraque
738 2105 971 2187 Chromiumque

129 2190 367 2272 Alcandrumque
389 2192 565 2272 Haliumque
586 2191 796 2272 Noemonaque
817 2191 1026 2273 Prytanimque

131 2276 280 2356 exitioque
300 2275 367 2338 dedi
388 2295 456 2338 curu
481 2275 718 2339 Chersidamante
739 2276 863 2339 'lboona

129 2370 159 2423 et
181 2360 346 2441 Charopem
367 2362 494 2442 latisque
516 2361 668 2424 inmitibus
688 2362 847 2423 Ennomon
871 2370 968 2423 actum

130 2445 242 2526 quique
263 2445 363 2506 minus
383 2446 517 2507 celebres
538 2455 639 2508 nosue
659 2445 715 2507 sub
737 2444 895 2508 moenibus
916 2445 998 2508 urbis

128 2528 315 2611 procubuere
335 2548 434 2592 manu.
478 2539 548 2592 sunt
570 2540 599 2592 et
620 2530 691 2592 mihi
712 2529 843 2604 vulnera,
866 2529 954 2606 cives,

130 2616 195 2694 ipso
217 2613 339 2695 pulchra
361 2615 438 2676 loco.
482 2633 539 2676 nec
559 2615 640 2677 vanis
662 2615 772 2677 credite
793 2613 909 2677 verbis:

128 2699 268 2779 adspicite
291 2695 359 2761 enl’
381 2710 552 2780 vestemque
573 2718 662 2762 manu
683 2699 796 2762 diduxit
820 2710 850 2761 et
868 2693 955 2762 ‘haec
976 2709 1046 2762 sunt

130 2795 248 2864 pectora
271 2779 401 2865 semper'
424 2785 464 2846 ait
483 2777 601 2847 ‘vestris
622 2784 747 2846 exercita
767 2783 867 2847 rebus.
1156 2793 1200 2846 bos

129 2878 160 2929 at
182 2866 223 2929 nil
246 2868 380 2949 inpendit
400 2889 456 2951 per
477 2879 521 2931 tot
543 2869 732 2932 Telamonius
752 2887 848 2932 annos

130 3035 199 3086 pono
217 3036 264 3071 ern.
284 3019 395 3087 Bentley
447 3020 594 3087 reposcoh
646 3022 696 3073 240
713 3019 776 3072 ulixi
793 3019 828 3083 (xi
846 3036 882 3071 aar
898 3022 941 3084 xe)
958 3017 984 3071 Μ
1036 3022 1082 3074 241
1103 3019 1201 3087 aliquid

129 3086 166 3151 (id
189 3105 224 3139 sn
240 3087 284 3150 od)
307 3086 332 3138 Μ
384 3088 434 3140 242
457 3087 563 3139 iubebat
585 3095 633 3150 (aa
648 3085 754 3151 ululbl
808 3086 895 3140 2438
920 3086 1054 3155 {filamen
1077 3085 1103 3139 M
1155 3087 1201 3141 sed

130 3161 248 3212 umens
299 3155 336 3206 sic
354 3155 474 3207 anema.
525 3155 623 3222 spreto]
635 3154 773 3222 sumptoh
825 3155 910 3208 noctis
927 3154 1097 3224 hostisquebl
1150 3158 1200 3210 244

130 3238 219 3275 ausum
237 3223 313 3275 etiam
331 3223 429 3289 (eadem
447 3222 474 3289 h)
492 3238 558 3290 quae
576 3231 635 3290 (qus
654 3238 724 3274 corr.
741 3239 776 3274 ea
793 3237 860 3290 qnae
877 3221 915 3287 Μ)
933 3225 1020 3276 nosh
1077 3238 1154 3276 ausus
1173 3230 1200 3276 et

130 3306 219 3343 ausum
238 3290 326 3343 eadem
345 3295 447 3342 conieci
509 3293 556 3343 242
576 3290 858 3358 cognoveram-qnid
876 3290 902 3343 Μ
964 3293 1013 3345 251
1031 3291 1157 3360 vobisque
1174 3289 1200 3343 Μ

130 3361 188 3410 255.
198 3361 247 3411 254
264 3358 298 3410 ab
314 3359 406 3410 Ouidio
424 3359 617 3410 adiudicandos
632 3375 686 3410 ms
703 3362 806 3410 censuit
816 3359 929 3426 bentley
982 3362 1032 3412 254
1050 3374 1099 3427 que
1118 3359 1200 3413 otmh

131 3429 180 3479 255
192 3425 273 3545 lqcii]
287 3427 340 3495 pilii
352 3425 378 3478 Μ
430 3428 479 3479 nst
492 3425 616 3493 iphitiden
627 3453 634 3466 ·
645 3426 768 3494 aistoriq:
786 3428 908 3506 chmnuq:
920 3426 947 3479 Μ
993 3427 1165 3497 thronumque
1183 3427 1201 3480 h

131 3495 180 3548 258
198 3494 354 3562 acadmmq:
370 3493 396 3547 Μ
466 3493 715 3575 aicbandmrnqueh
778 3494 949 3575 altumqueh
1016 3495 1200 3576 normaquebl

130 3577 292 3682 ΜΜΜΜΜ
309 3580 324 3613 ⁸
338 3562 587 3683 mqssquoqasqqcoelird·
604 3561 1099 3699 hpn‘abablllnqclta'iopsplitimiqbsiloperiba9
1117 3565 1201 3685 ΡΜΜ·

130 3765 245 3844 ropenh
297 3765 437 3833 Charopem
454 3781 504 3817 sm.
521 3766 633 3834 bentley
696 3767 744 3820 tot
764 3781 883 3835 quaeque
897 3765 1026 3820 maansbl
1063 3698 1200 3838 'ibligine

130 3846 253 3952 :iirbbu
304 3897 366 3967 qdq;
384 3901 502 3953 minnsh
554 3903 604 3955 264
622 3899 769 3954 deduxithl
821 3901 954 3956 diducith
