2692 4230
113 156 175 220 334
509 191 511 196 ·
543 201 548 214 .
571 165 725 222 1111111111
990 253 992 255 .
1021 183 1187 225 rrrmoonas

112 343 143 397 et
162 335 237 400 male
258 339 363 401 moreti
386 336 497 420 poteris
519 335 630 397 ieiunia
649 336 786 421 ventris?
864 378 868 387 «
1089 382 1092 386 -
1153 351 1186 402 uc

111 427 243 485 etvetus
265 422 314 484 illu
335 434 425 496 aetas,
446 419 494 481 cui
516 418 641 480 fecimus
661 436 750 481 aurea
772 440 893 499 nomen,

112 504 218 568 letibus
239 507 372 569 arboreis
393 511 431 577 el,
454 520 529 583 quas
549 502 659 565 humus
681 503 796 582 educat,
818 509 920 573 herbis

110 588 256 653 fortunata
278 591 334 652 init
355 604 411 649 nec
431 585 540 666 polluit
560 605 611 649 ora
634 605 750 650 cruore

109 681 181 737 tunc
203 685 233 737 et
253 691 320 735 aves
342 680 422 732 tutae
442 687 561 734 movere
582 682 724 754 peracre
746 691 872 755 pennas,

110 767 139 820 et
159 759 245 840 lepus
266 755 421 838 inpavidus
440 755 546 817 mediis
567 756 675 820 errarit
694 757 726 818 in
748 758 836 832 arvis,

110 863 166 906 nec
187 861 239 905 sua
261 837 417 903 credulitas
438 838 551 920 piscem
572 842 769 925 suspenderat
789 844 892 905 bomo:

109 937 215 990 cuncta
236 925 300 986 sine
321 923 437 986 insidiis
459 923 630 1007 nullamque
650 926 784 990 timentia
805 926 938 989 fraudem

108 1011 255 1093 plenaque
276 1009 357 1090 pacis
378 1017 471 1071 erant.
513 1021 674 1092 postquam
696 1030 757 1075 non
780 1010 864 1074 utilis
885 1024 987 1074 auctor

107 1093 232 1156 rictibus
254 1093 368 1169 invidit,
391 1093 527 1175 quiaquia
547 1095 606 1158 iuit
626 1097 687 1173 ille,
708 1097 830 1159 leonum

107 1178 915 1346 1111111111111114111111111111

107 1347 264 1410 incaluisse
285 1355 374 1429 putes
394 1347 574 1411 maculatum
595 1353 740 1430 sanguine
762 1352 883 1414 serrum.

106 1432 195 1513 idque
217 1433 292 1531 satis·
307 1434 631 1532 iuerat-nostrumque
653 1437 783 1517 petentia
804 1434 896 1499 letum

106 1517 820 1698 1131111111111111111

105 1685 223 1766 longius
243 1687 313 1749 inde
335 1687 417 1749 usias
438 1686 520 1761 abrit,
542 1694 573 1747 et
592 1687 690 1768 prima
711 1697 834 1769 putator

105 1771 200 1834 hostia
221 1790 272 1833 sus
293 1770 437 1833 meruisse
458 1771 545 1845 mori,
567 1772 637 1851 quia
658 1772 771 1833 semina
793 1773 891 1854 pando

104 1864 221 1918 eruerat
241 1865 338 1918 rostro
360 1873 504 1937 spemque
525 1855 714 1918 interciderat
735 1857 817 1919 anni.

104 1939 162 2001 rite
184 1959 272 2023 caper
292 1959 390 2003 morsa
411 1940 519 2003 Bacchi
541 1948 685 2004 mactatus
706 1941 742 2003 ad
764 1958 830 2004 uras

103 2023 210 2086 dicitur
232 2025 345 2087 ultoris.
389 2025 491 2088 nocuit
512 2042 566 2086 suu
587 2024 675 2106 culpa
696 2025 829 2088 duobus:

105 2109 175 2189 quid
196 2109 345 2172 meruistis
365 2127 445 2184 oves,
467 2108 618 2190 placidum
640 2128 742 2191 pecus,
764 2110 858 2190 inque
880 2109 1005 2171 tuendos

105 2202 205 2256 natum
228 2194 373 2267 homines,
395 2192 484 2275 pleno
508 2211 583 2274 quae
604 2194 688 2256 fertis
708 2194 741 2255 in
763 2194 856 2256 ubere
878 2202 988 2270 nectar,
1044 2197 1049 2206 '

103 2278 202 2340 mollia
224 2297 300 2359 quae
322 2277 409 2340 nobis
432 2286 541 2340 vestras
561 2277 705 2340 velamina
727 2277 810 2340 lanas

103 2362 249 2444 praebetis
269 2364 387 2443 vitaque
409 2362 502 2442 magis
523 2381 612 2444 quam
634 2372 730 2425 morto
751 2359 878 2425 iuratis?

104 2448 173 2527 quid
195 2466 330 2510 meruero
352 2447 451 2522 boves,
472 2446 581 2510 animal
602 2448 668 2509 sine
689 2448 791 2510 iruude
813 2447 958 2528 dolisque,

103 2531 275 2606 innocuum,
297 2531 432 2614 simplex,
454 2543 556 2594 netum
577 2530 705 2594 tolerare
726 2529 865 2595 labores?

103 2617 247 2679 inmemor
267 2626 312 2679 est
333 2617 450 2679 demum
473 2635 531 2679 uec
551 2618 672 2696 frugum
693 2635 818 2679 munere
839 2616 957 2696 dignus,

103 2701 153 2782 qui
175 2702 272 2783 potuit
294 2703 375 2764 curri
396 2702 517 2783 dempto
538 2702 627 2763 modo
649 2703 783 2783 pondere
804 2701 892 2764 aratri

102 2786 259 2848 ruricolam
279 2794 525 2862 maurocenum,
551 2787 603 2869 qui
626 2787 693 2848 trita
715 2786 817 2849 labore

102 2870 161 2943 illa,
185 2871 292 2952 quibus
312 2871 423 2933 totiens
444 2872 553 2933 durum
573 2879 764 2933 renovaverat
783 2888 895 2945 arrum,

102 2956 271 3018 condiderat
292 2973 413 3031 messes,
433 2955 582 3038 percussit
602 2955 679 3018 colla
700 2955 808 3018 securi.

102 3058 157 3102 nec
178 3041 247 3102 satis
269 3050 322 3113 est,
344 3041 424 3121 quod
446 3040 504 3102 tale
525 3040 608 3102 neias
629 3041 840 3102 committitur:
861 3039 945 3121 ipsos

101 3124 277 3206 inscripsere
299 3125 370 3187 deos
391 3123 506 3200 sceleri,
529 3143 701 3207 numenque
722 3142 887 3207 supernum

102 3211 188 3272 caede
209 3209 356 3272 laboriferi
380 3210 506 3272 credunt
526 3210 655 3289 gaudere
675 3210 803 3273 iuvenci.

166 3415 199 3464 95
217 3410 335 3462 miratib
405 3413 453 3463 100
478 3410 504 3463 in
528 3409 650 3462 berbisa
720 3412 769 3463 104
785 3408 888 3462 leonum
907 3411 941 3461 ci.
958 3406 1030 3460 Polla
1047 3405 1090 3459 cil.
1108 3404 1176 3458 XIV

99 3479 150 3533 207
160 3496 199 3546 eq.
267 3477 409 3534 deorume
475 3477 589 3545 priorum
612 3481 684 3530 coni.
701 3478 789 3530 Heiao
860 3479 909 3530 1011
933 3475 1064 3596 primaque
1082 3474 1170 3553 Hane.

103 3550 149 3602 1111
168 3546 253 3614 putes]
272 3549 395 3613 potesta
464 3549 551 3613 putem
570 3546 657 3599 Heius.
728 3547 775 3599 1118
800 3545 915 3613 potentia
1024 3544 1071 3596 111
1094 3543 1169 3605 mon]

100 3629 187 3668 necem
204 3615 304 3666 Probus
369 3616 417 3667 113
433 3613 635 3681 interceperat·
697 3613 857 3666 interiecerat
873 3613 976 3666 mbos
1040 3614 1088 3663 ilc
1108 3609 1172 3662 dici-

99 3687 139 3735 tur
155 3683 256 3734 lectus
317 3680 455 3736 duciturc
521 3683 616 3749 liusq.
633 3681 700 3735 uode
722 3680 809 3734 tuendi
833 3685 893 3734 sunt
914 3677 1068 3734 bominesb
1123 3678 1170 3730 118

98 3748 251 3818 molliaq3b
321 3750 369 3802 122
386 3748 497 3814 demum]
517 3747 585 3802 lleus
609 3753 679 3803 coni.
696 3747 798 3802 Mer-k)
869 3749 917 3801 125
940 3746 1036 3800 nodum
1052 3744 1170 3814 irenora-

91 3903 197 3956 reretb
255 3903 303 3958 126
321 3899 472 3958 condiderat
489 3916 538 3957 em.
557 3901 656 3958 ltlortr.¹
709 3906 749 3955 tot
765 3832 842 3971 (llll
856 3904 880 3966 e)
897 3899 1000 3954 dedem
1017 3919 1033 3959 r
