2692 4230
139 127 271 177 nonachus
579 115 606 179 ll,
626 116 769 168 739-808.

139 285 235 366 pallor
256 289 287 349 in
310 306 362 350 ore
383 286 474 357 sedet,
497 285 604 346 macies
627 286 657 348 in
680 305 805 368 corpore
828 294 900 359 toto,

140 390 286 453 nusquam
308 381 386 434 recta
408 369 496 441 acies,
520 369 608 433 litent
631 373 768 452 rubigine
790 372 904 443 dentes,

139 470 260 538 pectora
282 454 350 517 lelle
371 452 476 524 virent,
500 454 599 536 lingua
622 468 667 518 est
688 457 798 519 suffusa
822 473 947 517 veneno.

138 543 217 605 risus
239 542 330 611 abest,
354 537 410 599 nisi
434 556 521 617 quem
543 542 595 602 risi
619 560 736 602 morere
758 540 884 603 dolores.

138 646 195 688 nec
217 626 325 687 lruitur
346 640 461 696 somno,
485 625 656 705 vigilacibus
678 625 771 686 excita
794 627 883 700 curis,

138 713 188 773 sed
212 710 288 770 videt
310 708 443 785 ingratos
465 709 681 791 intabescitque
702 708 828 771 videndo

139 811 295 856 successus
317 793 482 868 hominum,
506 796 658 876 carpitque
681 804 709 854 et
732 794 864 874 carpitur
886 814 954 870 una,

137 876 376 958 suppliciumque
399 897 485 940 suum
508 892 560 943 est.
606 879 739 957 quamvis
761 889 857 940 tamen
881 881 992 956 oderat,
1016 878 1094 940 illam

137 962 245 1023 talibus
267 962 360 1023 adlata
384 974 425 1025 est
449 964 576 1026 breuiter
597 963 730 1025 Tritonia
753 964 855 1024 dictis:

133 1041 235 1107 ‘inlice
259 1046 323 1108 tabe
346 1058 394 1109 tua
418 1062 550 1110 natarum
575 1047 714 1154 Cecropis
736 1065 836 1110 uuam.

136 1132 180 1192 sic
202 1150 278 1212 opus
300 1143 353 1194 est.
398 1134 542 1212 Aglaurus
564 1151 596 1193 ea
620 1143 672 1194 est.
727 1133 802 1195 haud
826 1132 910 1213 plura
933 1133 1032 1196 locuta
1124 1197 1127 1204 ,
1174 1144 1217 1196 785

136 1216 211 1295 fugit
234 1227 262 1279 et
285 1218 418 1298 inpressa
442 1218 576 1279 tellurem
600 1217 728 1300 reppulit
750 1220 842 1281 hasta.

135 1301 185 1363 illa
208 1303 291 1364 deam
316 1303 435 1382 obliquo
460 1303 622 1380 lugientem
645 1304 757 1365 lumine
780 1319 907 1364 cernens

135 1405 286 1449 murmura
309 1405 394 1468 parra
418 1387 507 1458 dedit,
529 1406 795 1467 successurumque
817 1387 974 1450 lllinervao.

135 1472 270 1533 indoluit.
315 1471 511 1551 baculumque
534 1474 622 1552 capit,
645 1474 723 1554 quod
746 1473 849 1553 spinea
872 1481 965 1534 totum

133 1557 249 1618 vincula
273 1554 440 1634 cingebant,
463 1559 662 1638 adopertaque
685 1556 814 1619 nubibus
835 1557 916 1630 atris,
1172 1570 1215 1620 tto

134 1658 320 1721 quacumque
343 1641 517 1720 ingreditur,
540 1643 674 1704 florentia
698 1643 822 1723 proterit
843 1660 909 1704 arra

134 1726 290 1806 exuritque
312 1725 417 1787 herbas
439 1738 467 1787 et
490 1746 603 1788 summa
626 1728 777 1790 cacumina
799 1727 894 1807 carpit

133 1811 303 1890 adflatuque
325 1829 379 1870 suo
403 1810 531 1891 populos
552 1812 700 1894 urbesque
721 1814 884 1893 domosque

134 1894 252 1975 polluit.
298 1904 328 1955 et
350 1897 467 1957 tandem
490 1898 641 1961 Tritonida
664 1898 811 1979 conspicit
833 1916 941 1972 arcem,

135 1981 264 2059 ingeniis
287 1979 451 2061 opibusque
475 1993 502 2044 et
525 1984 597 2044 lesta
622 2003 694 2063 pace
716 1985 869 2054 virentem,

131 2066 239 2145 vixque
262 2074 344 2126 tenet
367 2066 511 2139 lacrimas,
535 2070 602 2147 quia
625 2068 667 2129 nil
690 2067 868 2130 lacrimabile
891 2068 994 2129 cernit.

132 2151 183 2211 sed
206 2161 362 2230 postquam
386 2151 529 2213 thalamos
551 2153 667 2213 intrarit
688 2153 820 2233 Cecrope
847 2163 941 2226 natae,

131 2235 210 2296 iussa
233 2236 302 2296 lacit
325 2246 487 2316 pectusque
509 2256 598 2299 manu
620 2238 770 2317 ferrugine
792 2237 883 2298 tincta

132 2320 226 2398 tangit
247 2330 277 2380 et
298 2321 422 2381 hamatis
444 2323 612 2402 praecordia
637 2323 772 2384 sentibus
793 2322 898 2402 inplet,

130 2406 315 2485 inspiratque
338 2423 450 2467 nocens
471 2409 550 2468 tirus
573 2409 748 2489 piceumque
771 2426 824 2488 per
847 2425 911 2468 ossa

130 2489 253 2570 dissipat
275 2501 304 2551 et
326 2491 421 2552 medio
444 2493 554 2573 spargit
577 2493 718 2573 pulmone
740 2510 896 2552 venenum.

131 2593 205 2635 neve
227 2573 294 2635 mali
316 2594 420 2637 causae
442 2578 569 2657 spatium
591 2596 645 2657 per
666 2577 753 2638 latius
775 2584 887 2647 errent,

130 2678 299 2740 germanam
322 2671 391 2721 ante
413 2661 515 2722 oculos
538 2663 779 2740 fortunatumque
800 2660 913 2722 sororis

130 2744 302 2823 coniugium
326 2745 509 2825 pulchraque
531 2747 617 2807 deum
640 2747 695 2807 sub
719 2746 846 2825 imagine
869 2746 955 2825 ponit

130 2839 298 2909 cunctaque
321 2847 424 2909 magna
448 2831 525 2892 lacit..
570 2831 678 2912 quibus
700 2832 816 2893 inritata
840 2830 940 2892 dolore
1165 2841 1209 2892 805

130 2914 271 2995 Cecropis
295 2914 410 2976 occulto
435 2917 585 2977 mordetur
608 2928 636 2978 et
658 2917 742 2978 anxia
766 2926 865 2989 nocte,

129 3001 215 3060 anxia
238 3000 304 3060 luce
328 3001 427 3078 gemit,
451 3000 587 3080 lentaque
611 3002 772 3063 miserrima
795 3002 862 3062 tabe

130 3084 265 3163 liquitur,
288 3095 320 3145 ut
343 3084 450 3163 glacies
472 3088 583 3147 incerto
608 3087 705 3147 saucia
728 3087 800 3147 sole.

130 3167 282 3250 felicisque
304 3169 390 3231 bonis
414 3191 473 3231 non
497 3171 592 3232 lenius
614 3172 710 3233 uritur
733 3172 851 3244 llerses,

201 3340 249 3389 779
274 3319 358 3389 noui
418 3337 618 3403 uigilantibusl
676 3341 791 3404 excitllplp
808 3304 911 3392 furum
983 3341 1032 3392 782
1052 3354 1102 3407 que
1122 3336 1206 3389 oncl

131 3405 214 3456 rident
240 3424 253 3456 a
323 3408 371 3458 783
398 3407 518 3458 breuibus
545 3426 557 3456 e
621 3411 670 3459 785
698 3408 824 3473 Aglauros
849 3409 870 3458 h
924 3407 995 3458 lraotl
1021 3408 1047 3470 (d
1074 3424 1109 3457 aa
1134 3409 1153 3470 t)
1180 3406 1204 3457 Μ

131 3474 192 3524 hant
221 3493 233 3523 ε
310 3477 358 3526 788
387 3473 562 3542 snccessurnq,
589 3478 678 3542 ulique
705 3475 748 3526 lt¹
810 3476 947 3533 successim
979 3483 1035 3542 atq;
1060 3477 1138 3543 utiq*
1162 3473 1206 3524 lt²

130 3545 160 3591 in
185 3557 271 3606 ruarg.
298 3557 444 3594 successum
472 3544 571 3610 utrique
590 3543 633 3593 hl²
679 3542 901 3611 successibusque
924 3551 1001 3611 atque
1031 3563 1044 3594 ε
1085 3558 1204 3596 successu

131 3624 273 3704 namquel
325 3629 373 3678 789
392 3627 461 3694 quod
479 3627 520 3677 ll¹
556 3618 606 3694 qni
626 3629 702 3685 ΜΗ
757 3632 804 3681 791
826 3644 1011 3696 quocunquee
1063 3633 1111 3681 792
1130 3645 1205 3682 cacu-

131 3695 207 3758 mina]
227 3695 389 3761 papaueraC
451 3699 500 3783 799
519 3700 589 3762 pop]
609 3693 753 3764 pecudesl
817 3700 866 3749 799
886 3697 994 3748 hamatis
1012 3695 1097 3749 ΜΨ
1154 3701 1203 3750 890

126 3820 262 3896 ιιὶοειιιιιιιε
287 3830 304 3893 (i
323 3847 358 3880 ex
375 3837 399 3890 el
422 3790 513 3898 pertiso
531 3831 556 3882 lt
629 3837 676 3886 892
702 3833 760 3884 mali
786 3832 896 3898 spatium
921 3833 1025 3900 cansa}
1042 3863 1076 3872 -
1095 3841 1159 3886 erret
1177 3833 1202 3884 lt

128 3898 177 3948 806
194 3900 224 3948 in
241 3913 327 3962 marg.
347 3915 363 3949 a
380 3915 415 3950 m.
432 3899 450 3950 9
467 3896 482 3949 l
529 3903 578 3954 808
598 3903 692 3956 inserto
711 3900 896 3962 coni0llerhel
945 3903 996 3956 899
1013 3901 1102 3955 lenius
1116 3899 1209 3953 tabl
