2692 4230
61 139 124 201 262
391 202 393 206 ,
519 144 674 200 uersum
1032 165 1128 207 eronus

60 315 138 380 blars
159 336 278 399 quoque
301 316 339 380 ob
360 317 419 379 boc
441 332 547 395 capere
567 332 647 375 arma
669 315 752 378 solet
794 318 991 383 removebitur
1011 321 1100 386 buius

60 402 199 482 tegminis
220 402 361 476 cilicium,
383 409 482 461 tamen
503 397 694 459 indestrictus
713 399 810 464 abibo.

61 497 106 550 est
127 487 236 568 aliquid
259 505 320 550 non
343 501 407 546 esse
428 489 523 543 satum
545 479 680 557 Nereide,
702 485 752 544 sed
775 488 825 566 qni

60 571 213 653 Nereaque
235 581 263 633 et
287 577 369 631 natas
390 574 419 627 et
441 573 537 626 totum
560 574 705 647 temperat
726 576 866 649 aequor.“

60 657 133 719 dixit
154 666 184 718 et
204 657 363 718 haesurum
384 649 473 730 clipei
495 651 664 713 curvamine
686 649 775 712 telum
1095 669 1125 720 95

60 741 141 803 misit
162 741 192 801 in
216 737 379 809 Aeaciden3
403 733 483 815 quod
504 745 533 797 et
554 755 604 798 aes
626 745 655 797 et
675 736 807 816 proxima
828 742 909 822 rupit

59 834 140 905 terga
163 839 277 886 novena
298 819 400 893 boum,
422 819 537 881 decimo
559 829 657 883 hmen
680 820 752 882 orbe
774 834 916 887 moratum
939 837 994 890 est.

60 908 169 972 excutit
189 909 247 968 hoc
268 906 357 965 beros
377 922 541 987 rursusque
561 905 716 968 trementia
737 905 807 967 forti

59 994 117 1057 tela
138 1009 227 1053 manu
252 987 351 1049 torsit:
374 1007 478 1053 rursus
499 992 565 1053 sine
585 991 707 1053 vulnere
728 1008 836 1071 eorpus

59 1079 267 1154 sincerumque
288 1073 354 1135 luit
398 1094 454 1137 nec
475 1075 560 1138 tertia
582 1077 683 1159 cuspis
704 1084 837 1156 apertum

60 1172 89 1224 et
110 1178 141 1221 se
163 1158 355 1239 praebentem
376 1158 466 1222 valuit
487 1161 669 1241 destringere
691 1159 832 1240 Cygnum.

58 1244 136 1308 baud
159 1261 244 1305 secus
266 1244 383 1322 exarsit,
404 1263 494 1326 quarn
515 1246 595 1308 circo
617 1254 720 1309 taurus
740 1254 852 1326 aperto,

60 1347 126 1391 eum
150 1347 202 1389 sua
224 1328 350 1391 terribili
371 1329 448 1410 petit
468 1329 635 1392 inritamina
659 1349 762 1404 cornu,

59 1411 218 1496 poeniceas
239 1421 344 1489 vestes,
366 1412 507 1495 elusaque
528 1415 651 1478 vulnera
673 1415 770 1478 sentit

59 1516 131 1561 num
154 1507 253 1560 tamen
276 1497 417 1560 exciderit
438 1498 560 1573 ferrum,
584 1500 759 1571 considerat,
781 1503 895 1564 hastae:

58 1583 197 1645 haerebat
216 1582 308 1663 ligno.
354 1600 480 1658 „manus
501 1592 546 1644 est
567 1601 632 1644 mea
653 1582 758 1644 debilis
780 1603 849 1664 ergo

59 1671 211 1751 quasque“
234 1667 274 1728 ait
297 1674 387 1742 „ante
407 1664 510 1728 babuit
530 1666 617 1740 vires,
641 1666 744 1728 effudit
765 1667 796 1727 in
817 1668 903 1730 uno?

59 1772 126 1816 nam
150 1750 338 1823 satiemini,
360 1748 406 1810 sel
427 1769 494 1812 cuin
516 1749 658 1832 Lyrnesia
681 1752 794 1832 primus

57 1836 175 1899 moenia
196 1833 300 1908 deieci,
321 1833 366 1897 vel
389 1853 456 1897 cum
478 1835 680 1918 Tenedonque
701 1856 815 1918 suoque

58 1920 216 1984 Eetioneas
237 1918 348 2001 inpleri
370 1920 515 1999 sanguine
535 1920 661 1996 Thebas,

58 2006 104 2067 vel
126 2022 193 2067 cum
215 2023 384 2085 purpureus
405 2005 543 2085 populari
565 2007 656 2067 caede
678 2004 783 2077 Caicus
814 2050 816 2056 -

58 2091 143 2153 lluxit
164 2108 300 2170 opusque
320 2107 404 2151 meae
426 2088 472 2151 bis
493 2089 586 2152 sensit
609 2089 758 2172 Telephus
778 2091 886 2152 bastae.

58 2176 108 2238 bic
130 2193 249 2255 quoque
270 2182 316 2235 tot
337 2173 439 2248 caesis,
462 2193 588 2254 quorum
611 2175 756 2256 perlitus
778 2193 896 2238 acervos

58 2271 87 2321 et
109 2259 165 2321 leci
189 2269 218 2320 et
238 2258 334 2333 video,
355 2258 445 2320 valuit
467 2277 532 2321 mea
554 2261 653 2322 dextra
676 2258 839 2340 valetque.“

58 2345 131 2406 dixit
153 2352 192 2418 et,
214 2353 282 2405 ante
304 2344 377 2405 actis
397 2342 487 2405 veluti
510 2345 585 2406 male
608 2345 749 2417 erederet,
771 2345 882 2407 hastam

57 2428 137 2490 misit
160 2428 191 2489 in
213 2427 368 2490 adversum
390 2427 478 2509 Lycia
500 2428 537 2490 de
559 2430 646 2511 plebe
668 2430 824 2491 Menoeten

57 2512 239 2593 loricamque
261 2513 349 2575 simul
371 2511 562 2593 subiectaque
584 2524 704 2595 pectora
726 2515 814 2595 rupit.

59 2617 117 2678 quo
140 2597 299 2678 plangente
320 2615 436 2676 gravem
458 2598 636 2660 moribundo
660 2607 780 2679 pectore
801 2609 906 2660 terram

58 2683 184 2744 extrahit
205 2682 276 2743 illud
300 2682 377 2743 idem
401 2682 494 2744 calido
516 2683 552 2744 de
574 2685 696 2746 vulnere
718 2681 808 2745 telum

57 2777 145 2848 atque
159 2767 216 2829 ait:
235 2766 328 2842 „haec
342 2784 448 2829 manus
463 2777 516 2843 est,
531 2769 614 2843 baec,
632 2786 687 2849 qua
703 2768 790 2829 modo
805 2768 937 2841 vicimus,
953 2768 1043 2831 basta.
1087 2777 1129 2831 12)

57 2864 124 2913 utar
144 2852 174 2914 in
197 2852 255 2912 boc
277 2851 386 2927 isdem3
408 2852 444 2914 sit
468 2854 497 2914 in
520 2853 588 2928 hoc,
610 2871 727 2935 precor,
750 2851 844 2915 exitus
865 2853 978 2915 ideml“

58 2962 262 2973 ...—

126 3021 157 3071 91
177 3019 291 3085 quoque]
309 3014 416 3085 quodbl
467 3017 553 3082 buius]
571 3034 681 3075 ornnes
731 3021 764 3071 92
782 3019 945 3071 indestrictus
958 3019 1046 3072 uum.
1091 3020 1130 3072 in-

57 3085 221 3139 districtnsh
273 3087 306 3136 aa
325 3085 551 3153 temperetllctas.
603 3090 636 3139 96
653 3086 758 3139 aeacidi
773 3083 800 3138 bl
851 3085 920 3155 quod
937 3086 1036 3139 exhesit
1053 3087 1127 3154 pall

57 3153 126 3222 quod
145 3168 172 3205 es
190 3158 215 3204 et
234 3147 306 3218 pel
366 3154 399 3206 98
423 3153 555 3221 exeipitC
616 3148 755 3206 ἀνέσπασε
772 3154 903 3206 Ploaudea
965 3157 1008 3207 191
1029 3154 1130 3207 distrin-

75 3217 151 3274 erel
214 3223 341 3272 constes
406 3222 453 3272 192
472 3219 540 3273 baud
557 3239 593 3272 eac
609 3221 696 3274 autbl
768 3224 814 3275 199
832 3221 987 3274 irritamenta
1004 3221 1127 3275 malornm

101 3288 149 3351 (cs.
167 3288 260 3349 1140)
333 3290 380 3342 tot
403 3288 545 3354 phoenicen
569 3298 656 3342 uestes
679 3289 786 3357 eiusque
808 3305 832 3342 r.
850 3287 968 3342 sentitbl
1032 3291 1130 3359 pheny·

56 3439 149 3480 coast
208 3422 322 3542 sens{t·e
389 3425 437 3477 tot
455 3422 552 3491 lignum
569 3423 595 3476 bl
668 3356 816 3478 titiliitla
879 3421 1019 3477 edunditl
1081 3427 1127 3479 198

56 3552 171 3611 raluitl
227 3505 340 3610 soluite
396 3556 547 3613 bemesiai
606 3561 748 3629 primum:
808 3562 857 3612 119
874 3559 911 3612 sic
930 3564 956 3611 et
973 3559 1128 3613 echiniasld

56 3622 218 3679 sicioneasl
269 3625 340 3678 solus
357 3625 527 3694 ecbyoniasa
573 3630 723 3681 emeiidaoit
740 3628 823 3694 llaplt
841 3627 939 3693 uatus
993 3631 1040 3682 112
1059 3629 1129 3682 derit

56 3692 82 3746 bl
137 3697 184 3748 119
207 3689 360 3762 perilitusi
414 3695 618 3748 iterassent
672 3695 882 3762 lttlmenelllten
900 3693 926 3746 bl
987 3699 1033 3750 118
1051 3712 1129 3764 mue

55 3810 286 3875 (tremescitbl
339 3813 477 3879 pectoreh
529 3813 626 3866 vertice
638 3816 725 3866 Hotne.
777 3817 879 3878 terram]
898 3779 1030 3867 recinit
1081 3819 1129 3871 129

55 3886 95 3932 est
115 3877 196 3932 basi
246 3880 295 3933 hae
313 3878 416 3949 qnando
433 3879 459 3932 bl
526 3883 570 3934 121
592 3881 771 3936 hoc·idemc
832 3883 857 3934 in
876 3883 925 3936 hoc
943 3882 978 3936 sit
995 3899 1085 3952 precor
1102 3883 1128 3936 bl
