2692 4230
135 101 176 162 32
596 114 748 169 ΜΕΤΑΜΜ.
767 58 771 63 .

135 285 337 366 pulverulenta
359 298 471 362 vacam,
493 295 606 367 septem
628 286 693 348 sine
715 287 836 350 flumine
860 274 959 364 ualles.

135 372 196 434 lors
217 373 317 435 eadem
339 370 477 434 Ismarios
498 368 630 431 Hebrum
653 388 720 432 cum
743 370 900 451 Strymone
921 373 1012 436 siccat

135 456 353 540 Hesperiosque
375 472 478 518 amnes
499 453 636 516 Rhenum
659 453 893 539 Rhodanumque
913 459 1096 541 Padumque,

134 542 242 622 cuique
263 543 319 604 luit
339 559 438 604 rerum
461 537 605 619 promissa
627 540 768 620 potentia,
790 541 932 620 Thybrin.

134 626 241 688 dissilit
261 646 349 688 omne
372 625 477 694 solum,
499 632 692 705 penetratque
713 625 743 685 iu
767 624 886 689 Tartara
907 629 990 692 rimis
1165 638 1209 690 att

134 712 234 773 lumen
259 721 288 774 et
308 712 456 773 inlernum
479 716 569 768 terret
592 726 659 769 cnm
682 708 807 787 coniuge
829 728 938 791 regem.

135 806 163 858 et
184 815 264 858 mare
286 792 480 864 contrahitur,
503 791 657 872 siccaeque
674 801 720 854 est
742 811 862 873 campus
884 797 1020 875 harenae,

134 883 212 963 quod
235 881 322 942 modo
346 886 456 959 pontus
478 884 557 937 erat:
580 895 714 957 quosque
735 877 824 938 altum
847 887 959 944 texerat
980 902 1103 967 aequor,

133 966 278 1028 exsistunt
299 973 415 1023 montes
435 970 464 1022 et
487 979 603 1041 sparsas
625 961 763 1040 Cycladas
783 974 900 1041 augent.

133 1053 191 1113 ima
213 1057 318 1131 petunt
339 1046 445 1127 pisces,
468 1064 523 1107 nec
545 1065 577 1107 se
599 1064 689 1125 super
709 1065 835 1127 aequora
858 1049 939 1109 curri

133 1136 236 1197 tollere
257 1140 413 1192 consuetas
434 1132 544 1193 audent
565 1131 719 1212 delphines
738 1132 769 1194 iu
791 1150 892 1207 auras;

133 1235 258 1298 corpora
280 1217 441 1297 phocarum
463 1234 579 1278 summo
601 1217 740 1299 resupina
766 1219 914 1300 profundo

134 1302 294 1364 exanimata
317 1311 426 1365 natant.
471 1303 568 1383 ipsum
592 1321 711 1385 quoque
732 1303 825 1366 Nerea
847 1304 922 1365 lama
945 1312 990 1365 est

133 1387 299 1470 Doridaque
321 1396 349 1449 et
372 1397 453 1450 nams
475 1387 583 1470 tepidis
604 1389 723 1452 latuisse
744 1391 798 1451 sub
821 1390 921 1451 antris.

133 1483 178 1535 ter
199 1472 355 1556 Neptunus
375 1474 460 1555 aquis
481 1492 548 1536 cum
572 1483 654 1535 torvo
677 1474 810 1536 bracchia
834 1474 914 1537 vultu

133 1577 266 1622 exserere
291 1578 381 1622 ausus
402 1569 473 1631 erat,
497 1569 541 1620 ter
564 1576 623 1620 non
646 1559 713 1621 tulit
734 1561 809 1621 aeris
831 1561 923 1639 ignes.

132 1643 206 1708 alma
230 1657 325 1707 tamen
348 1643 458 1716 Tellus,
481 1655 514 1704 ut
537 1654 599 1704 erat
619 1644 796 1706 circumdata
820 1655 923 1725 ponto,

132 1731 209 1791 inter
230 1749 320 1811 aquas
342 1729 437 1809 pelagi
460 1737 686 1809 contractosque
708 1729 837 1809 undique
859 1730 968 1804 sontes,

133 1815 182 1894 qui
205 1834 236 1876 se
258 1813 450 1876 condiderant
472 1811 503 1872 in
526 1829 634 1892 opacae
656 1813 765 1874 viscera
787 1815 898 1886 matris,

132 1899 250 1960 sustulit
272 1915 430 1978 oppressos
453 1895 529 1957 collo
552 1906 638 1957 tenus
661 1899 740 1959 arida
763 1898 859 1959 vultus

132 1983 330 2064 opposuitque
352 1999 471 2042 manum
495 1981 584 2042 fronti
607 1998 773 2062 magnoque
795 1991 921 2043 tremore

132 2068 230 2129 omnia
253 2066 425 2129 concutiens
448 2065 568 2146 paulum
590 2065 720 2128 subsedit
743 2077 772 2128 et
793 2067 868 2129 inira

132 2172 220 2233 quam
242 2153 318 2214 solet
341 2170 405 2212 esse
428 2152 492 2222 luit,
514 2152 650 2231 siccaque
673 2152 711 2214 ita
735 2171 804 2213 voce
826 2153 922 2213 locuta
946 2161 1006 2214 est:

128 2231 166 2299 ‘si
190 2239 284 2318 placet
306 2239 373 2305 hoc,
396 2236 560 2316 meruique,
583 2237 651 2316 quid
676 2257 693 2298 o
717 2247 763 2298 tua
787 2239 908 2299 fulmina
932 2248 1058 2312 cessant,

131 2341 244 2384 summe
266 2319 376 2383 deum?
398 2321 484 2382 liceat
505 2321 651 2401 periturae
673 2323 783 2383 viribus
805 2323 880 2401 ignis

131 2408 200 2486 igne
223 2407 319 2488 perire
342 2417 393 2467 tuo
416 2406 586 2485 clademque
608 2417 728 2467 auctore
749 2408 852 2469 levare.

130 2493 177 2553 vix
200 2493 334 2573 equidem
358 2492 457 2552 lauces
479 2491 552 2553 haec
574 2493 636 2572 ipsa
658 2492 688 2552 in
712 2493 797 2554 verba
821 2487 941 2553 resolvo'

130 2582 290 2658 (presserat
312 2594 361 2637 ora
384 2579 503 2656 vapori:
523 2569 629 2638 ‘tostos
652 2595 688 2638 en
711 2578 828 2658 adspice
851 2577 947 2638 crines

131 2663 221 2742 inque
243 2661 337 2722 oculis
358 2672 482 2735 tantum,
507 2672 619 2723 tantum
641 2681 730 2742 super
752 2680 800 2723 ora
824 2661 944 2723 favillae.

131 2748 224 2808 hosne
247 2746 317 2807 mihi
340 2746 462 2818 fructus,
485 2748 566 2807 hunc
588 2747 743 2808 fertilitatis
765 2748 906 2810 honorem
1160 2753 1204 2806 285

198 3019 247 3069 256
265 2945 359 3068 {donant
372 3017 396 3069 lli
425 3022 518 3068 vacant
528 3023 568 3076 (ra
583 3032 617 3066 ecc
626 3031 659 3068 ro
672 3033 689 3067 a
701 3033 735 3067 m.
744 3014 797 3078 2li
848 3019 896 3069 259
908 3015 1024 3082 thyhrilll
1034 3023 1160 3080 (macram,
1172 3021 1204 3067 ut

129 3084 243 3150 videtur,
260 3087 286 3148 n)
303 3084 329 3135 Μ
368 3078 461 3138 ῐίὶπῖλ
498 3086 623 3152 tyhrime
683 3087 733 3137 260
750 3083 866 3136 desilita
934 3085 981 3135 aot
1003 3083 1200 3153 {penetratth

129 3204 179 3285 262
198 3205 265 3274 sicce
282 3180 309 3272 3,
326 3201 391 3278 esti.
435 3208 484 3258 263
495 3206 620 3272 quosque]
631 3203 751 3271 quodque
763 3201 787 3253 hl
831 3199 1037 3270 rclcyclauest
1072 3205 1121 3256 269
1135 3201 1203 3256 dori-

130 3373 186 3424 caq:
203 3355 229 3408 tt
281 3360 331 3410 2¹13
350 3356 511 3426 quamam,
525 3373 612 3423 paoem
624 3353 720 3410 erardi
774 3359 822 3408 225
841 3288 1017 3425 (qqqerrpsswsm
1036 3355 1114 3416 (leros
1133 3371 1150 3405 a
1167 3371 1202 3407 m.

129 3428 288 3487 nemrim)
303 3426 443 3478 omnileros
458 3445 474 3482 r
517 3428 566 3479 276
578 3421 674 3477 man’l
719 3428 768 3478 2ῑ8
786 3426 904 3492 siccaque
917 3440 965 3475 em.
977 3424 1100 3490 Bentley,
1117 3437 1203 3476 sacra·

130 3494 220 3563 queh
272 3496 321 3546 tte
340 3510 356 3545 o
374 3500 417 3545 tna
436 3511 471 3545 ee
488 3495 541 3545 otia
560 3492 585 3544 hl
638 3495 686 3547 282
705 3496 731 3545 in
748 3491 954 3547 add.m.ree.li
1008 3494 1057 3546 283
1076 3488 1202 3545 tofloshl

129 3651 201 3699 ustos
211 3652 262 3708 (nst
274 3650 291 3697 i.
300 3663 323 3696 r.
336 3663 361 3697 a.
375 3662 409 3697 m.
417 3644 507 3709 reoli
524 3577 638 3698 lqptsgpse
691 3612 833 3700 lssldculis
849 3646 918 3697 lumu
935 3628 1007 3696 tantrl
1018 3611 1103 3714 suphl
1119 3644 1201 3705 (sumit

128 3718 190 3779 alr.)
225 3729 265 3767 oe·
284 3714 394 3766 volitant
412 3715 532 3780 (volitent
549 3732 566 3766 a
583 3730 617 3766 m.
633 3730 684 3766 ree.
702 3718 721 3768 i.
732 3717 764 3778 r.)
783 3713 855 3768 tantii
873 3715 912 3766 est
930 3709 1041 3780 superi
1085 3728 1116 3764 oc
1128 3739 1135 3753 ·
1146 3715 1203 3765 tan·

125 3872 181 3917 anm
200 3866 308 3919 volitant
327 3882 405 3935 super
423 3887 448 3927 a;
467 3884 538 3920 corr.
555 3885 590 3919 ee
608 3869 682 3922 codd.
702 3869 789 3920 Ham.
859 3869 907 3920 285
934 3797 1114 3918 memma
