2692 4230
137 119 272 156 ramraos
596 107 624 172 ll,
642 110 768 161 aa-tnt.

141 287 210 341 nate
232 299 311 355 care,
334 281 404 341 dum
426 293 532 353 resque
553 275 635 350 sinit,
658 287 708 341 tua
730 279 847 360 corrige
869 289 943 342 rota.

137 365 251 428 scilicet
274 378 307 428 ut
328 373 431 426 nostro
453 360 585 437 genitum
608 373 637 425 te
657 365 800 444 sanguine
826 365 936 438 credas,

138 449 265 531 pignora
288 459 366 511 certa
390 441 487 526 petis?
509 446 547 507 do
570 449 692 528 pignora
715 462 793 513 certa
815 450 944 512 timendo

138 545 168 596 et
190 536 286 617 patrio
311 543 394 613 pater
415 547 480 591 esse
501 541 582 594 metu
605 532 723 614 probor.
767 535 886 616 adspice
909 535 1006 599 vultus

137 639 208 681 ecce
228 636 327 688 meos3
352 615 523 696 utinamque
546 616 648 680 oculos
669 618 698 678 in
722 628 840 698 pectora
862 639 964 701 posses

138 705 270 765 inserere
293 713 323 761 et
344 700 452 780 patrias
473 701 555 765 intus
576 702 756 783 deprendere
777 706 877 767 curasi

137 789 268 867 danique
290 785 431 865 quicquid
454 786 543 848 habet
563 787 653 860 diros,
676 787 878 869 circumspice,
902 792 1040 866 mundus,
1184 805 1213 856 95

137 866 214 953 eque
237 882 280 931 tot
302 889 336 931 ac
358 870 447 932 tantis
468 873 541 934 caeli
564 882 715 952 terraeque
737 874 883 954 marisque

136 974 228 1038 posce
249 955 337 1016 bonis
358 955 485 1037 aliquid:
509 956 619 1019 nubam
641 956 752 1036 patiere
774 958 930 1038 repulsam.

136 1043 281 1122 deprecor
301 1041 359 1103 hoc
382 1061 485 1116 unum,
509 1040 587 1122 quod
610 1059 678 1102 tero
700 1043 819 1103 nomine
842 1061 947 1123 poena,

136 1145 198 1188 non
222 1125 320 1188 honor
341 1138 401 1189 est:
424 1144 562 1208 poenam,
584 1124 746 1201 Phaethon,
767 1146 821 1209 pro
844 1146 967 1191 munere
988 1131 1096 1212 poscis.

137 1211 207 1293 quid
230 1230 295 1273 mea
318 1212 392 1274 colla
415 1222 500 1272 tenes
521 1210 646 1287 blandis,
667 1211 777 1291 ignare,
800 1211 937 1275 lacertis?

137 1316 177 1359 ne
199 1297 311 1371 dubita,
333 1297 452 1358 dabitur
473 1294 601 1375 (Stygias
622 1297 779 1359 iuravimus
800 1299 905 1375 undas)

136 1383 346 1463 quodcumque
367 1379 493 1460 optaris:
516 1381 568 1443 sed
590 1390 622 1443 tu
644 1380 807 1462 sapientius
830 1379 917 1464 opta?

135 1468 253 1529 finierat
274 1465 422 1527 monitus:
445 1465 531 1528 dictis
553 1478 649 1528 tamen
671 1466 721 1528 itte
742 1479 888 1548 repugnat

135 1551 383 1634 propositumque
404 1551 512 1632 premit
533 1550 694 1632 flagratque
715 1553 853 1633 cupidine
874 1572 989 1616 currus.

136 1655 207 1716 ergo
231 1655 288 1716 qua
310 1635 395 1698 licuit
415 1636 533 1715 genitor
556 1645 711 1698 cunctatus
731 1638 767 1699 ad
789 1636 862 1699 altos

134 1719 253 1783 deducit
275 1721 422 1794 iuvenem,
444 1720 584 1783 Vulcania
606 1739 737 1795 munera,
763 1741 876 1785 currus.

133 1825 243 1869 aureus
265 1806 327 1868 axis
349 1816 420 1878 erat,
442 1815 521 1867 temo
543 1825 660 1881 aureus,
681 1825 768 1869 aurea
790 1827 920 1870 summae

133 1902 289 1954 curvatura
311 1901 403 1962 rotae,
426 1890 575 1952 radiorum
596 1901 753 1972 argenteus
775 1894 864 1968 ordo;

133 1995 189 2057 per
209 1976 278 2056 iuga
301 1975 471 2056 chrysolithi
494 1977 664 2058 positaeque
685 1996 721 2039 ex
743 1979 846 2040 ordine
871 1997 1003 2058 gemmae

132 2061 213 2124 clara
233 2079 411 2143 repercusso
432 2061 594 2123 reddebant
613 2061 723 2124 lumina
744 2062 874 2125 Phoebo.

133 2147 264 2226 dumque
288 2165 321 2207 ea
344 2146 549 2225 magnanimus
571 2145 721 2208 Phaethon
743 2147 865 2209 miratur
887 2168 1022 2230 opusque

133 2232 287 2312 perspicit,
310 2249 385 2293 ecce·
402 2230 469 2310 vigil
493 2230 584 2291 nitido
607 2232 743 2313 patefecit
763 2231 800 2294 ab
822 2245 888 2295 ortu

133 2335 303 2398 purpureas
323 2317 437 2379 Aurora
460 2316 538 2376 iores
559 2326 589 2378 et
610 2318 696 2397 plena
717 2337 850 2380 rosarum

132 2402 216 2464 atria.
261 2401 421 2481 diffugiunt
442 2399 553 2474 stellae,
576 2421 698 2483 quarum
719 2403 835 2483 agmina
861 2405 940 2482 cogit

131 2486 254 2548 Lucifer
277 2498 307 2548 et
327 2486 399 2547 caeli
421 2485 548 2547 statione
564 2488 736 2549 novissimus
751 2488 818 2548 exit.

131 2589 223 2653 quem
245 2582 347 2652 petere
368 2584 401 2632 ut
422 2582 514 2633 terras
535 2573 736 2653 mundumque
756 2573 912 2635 rubescere
934 2574 1004 2635 vidit

132 2674 307 2737 cornuaque
330 2666 475 2718 extremae
496 2655 575 2718 velut
596 2676 767 2720 evanescere
789 2658 886 2732 lunae,

131 2742 259 2822 iungere
281 2759 375 2822 equos
397 2741 484 2803 Titan
506 2741 656 2805 velocibus
677 2743 802 2824 imperat
823 2742 921 2805 Horis.

131 2829 212 2890 iussa
234 2827 306 2888 deae
328 2826 440 2889 celeres
461 2839 615 2907 peragunt,
638 2828 796 2908 ignemque
817 2839 968 2890 vomentes

129 2912 296 2974 ambrosiae
318 2931 390 2973 suco
413 2921 540 2985 saturos,
562 2913 752 2993 praesepibus
773 2912 840 2974 aitis
1164 2923 1208 2975 110

131 2997 340 3078 quadrupedes
362 2998 475 3059 ducunt
496 2997 665 3078 adduntque
686 2998 819 3059 sonantia
846 2999 936 3059 irena.

130 3094 195 3144 tum
218 3094 302 3163 pater
324 3101 375 3143 ora
398 3083 443 3144 sui
465 3101 548 3144 sacro
570 3083 761 3144 medicamine
784 3084 843 3144 nati

130 3167 258 3248 contigit
281 3177 309 3228 et
331 3168 448 3247 rapidae
471 3167 538 3229 iecit
561 3169 699 3249 patientia
718 3169 849 3230 flammae

130 3253 326 3334 inposuitque
347 3271 448 3314 comae
471 3253 577 3325 radios,
600 3272 797 3334 praesagaque
819 3255 916 3314 luctus

131 3348 253 3420 pectore
276 3337 403 3398 sollicito
426 3350 563 3418 repetens
584 3339 709 3419 suspiria
732 3340 818 3399 dixit:
1167 3348 1209 3399 tas

129 3457 311 3467 —.-..—--0
314 3458 338 3464 --

201 3507 233 3558 89
251 3503 365 3572 dumque
383 3519 423 3554 res
440 3503 501 3555 sinit
520 3501 561 3569 λ’,
580 3522 649 3556 corr.
666 3506 736 3557 nc?
794 3508 826 3558 9³
845 3510 947 3572 pectore
966 3505 988 3555 Α
1058 3507 1104 3557 105
1124 3505 1210 3558 taliter

131 3589 195 3639 ergo
213 3572 257 3624 diu
274 3570 313 3622 111Ι
326 3576 344 3623 t.
357 3588 380 3621 r.
397 3575 436 3635 (in
448 3588 534 3637 marg.
547 3589 563 3622 a
576 3574 635 3626 m2
651 3574 707 3624 sire
725 3589 786 3639 ergo
804 3588 853 3640 qua
872 3573 954 3637 licuit)
1020 3576 1067 3626 109
1081 3575 1207 3639 gemmae!

130 3639 381 3694 musaeDiomedcs
452 3643 498 3692 itt
522 3640 612 3705 nitido]
635 3638 749 3692 rutiloi
819 3644 866 3693 116
888 3640 970 3705 Tuem
995 3639 1027 3700 (Τ
1046 3645 1064 3692 i.
1082 3658 1105 3693 r.
1124 3641 1209 3705 exo)

131 3713 221 3777 patere
238 3713 303 3773 (ater
321 3711 340 3758 ε’.
352 3711 386 3767 r.)
398 3706 423 3758 bi
457 3706 523 3760 Tum
542 3714 614 3776 pater
630 3707 646 3761 i
667 3710 816 3760 emendautt
827 3709 928 3760 Merkel
973 3714 1054 3762 terres
1073 3710 1209 3778 celumque

130 3856 317 3915 erubescerei
372 3863 418 3913 tir
436 3860 626 3928 cornuaquebi
681 3865 725 3916 121
746 3860 915 3930 quadripedes
933 3859 960 3912 bi
1016 3854 1067 3917 tta
1081 3793 1202 3933 eggeh(
