2692 4230
215 167 363 206 nnucornon
650 148 691 212 Μ’,
711 149 851 202 tto-tlt.

217 326 427 388 concubitus
419 340 544 406 ipsoque
566 320 617 381 illo
639 339 726 400 grave
747 322 854 384 vulnus
876 319 1002 383 habehat

216 419 366 510 tempore:
390 408 562 470 Leucothoe
583 406 741 468 multarum
765 407 868 469 oblivia
892 407 972 474 lecit

216 497 314 576 gentis
336 493 501 556 odoriferae
523 509 610 571 quam
632 493 840 554 formosissima
864 503 950 573 partu

217 582 308 643 edidit
328 579 509 657 Eurynome.
554 577 604 638 sed
627 587 782 659 postquam
806 577 864 637 lilia
886 578 987 648 crevit,

217 683 304 747 quam
328 670 423 724 mater
443 667 577 734 cunctas,
599 671 658 723 tam
682 671 803 723 matrem
825 661 883 721 fllia
906 661 985 723 vicit.

216 750 293 812 rexit
314 745 527 808 Achaemenias
550 747 638 808 urbes
660 757 742 827 pater
764 745 938 822 Orchamus,
962 747 1048 826 isque

217 833 361 914 septimus
383 848 399 889 a
421 830 521 910 prisco
545 843 716 894 numeratur
738 831 852 907 origine
874 831 956 891 Belo.

216 936 270 980 axe
291 914 348 977 sub
371 914 516 996 llesperio
539 926 609 978 sunt
627 928 736 996 'pascua
760 914 836 974 Solis
860 933 1016 994 equorum.

216 1000 392 1064 ambrosiam
416 1019 471 1081 pro
494 1003 629 1080 gramine
650 999 771 1060 hahent:
795 1017 827 1059 ea
851 999 926 1060 fessa
948 999 1064 1062 diurnis

217 1083 352 1148 membra
374 1085 547 1148 ministeriis
570 1085 663 1147 nutrit
684 1094 860 1164 reparatque
882 1083 989 1145 labori.

216 1171 348 1251 dumque
370 1169 411 1232 ibi
430 1171 642 1258 quadrupedes
663 1169 795 1231 caelestia
818 1169 925 1266 pabula
949 1181 1076 1250 carpunt

217 1273 337 1336 noxque
359 1257 453 1318 ricem
477 1254 601 1337 peragit
622 1253 764 1316 thalamos
786 1255 858 1315 deus
879 1255 972 1315 intrat
993 1266 1115 1322 amatos

218 1359 320 1402 versus
341 1343 372 1403 in
396 1341 595 1420 Eurynomes
604 1339 706 1400 taciem
730 1340 896 1418 genetricis
920 1349 950 1400 et
971 1342 1050 1402 inter

217 1426 335 1488 bissex
359 1424 552 1486 Leucothoen
576 1425 699 1486 famulas
719 1426 754 1485 ad
777 1425 887 1485 lumina
910 1426 1006 1487 cernit

217 1510 289 1573 lenia
311 1518 427 1570 versato
450 1509 608 1570 ducentem
631 1511 754 1572 stamina
777 1510 852 1568 suso.

217 1613 288 1675 ergo
311 1593 363 1655 ubi
388 1611 441 1654 ceu
465 1605 559 1656 mater
581 1613 665 1656 carae
686 1595 765 1655 dedit
786 1593 884 1655 oscula
909 1607 1004 1669 natae,

218 1682 305 1756 „res“
329 1679 371 1739 ait
395 1697 521 1754 „arcana
543 1690 598 1741 est.
641 1679 775 1751 famulae,
798 1680 938 1741 discedite
961 1699 1034 1743 neve

217 1763 323 1844 eripite
345 1762 499 1825 arbitrium
523 1764 609 1825 matri
631 1773 741 1825 secreta
763 1763 935 1844 loquendi.“

216 1856 391 1930 paruerant:
415 1849 605 1929 thalamoque
626 1849 700 1910 deus
720 1849 785 1910 sine
808 1860 880 1910 teste
901 1850 1007 1911 relicto

218 1933 288 2009 „ille
311 1952 366 2013 ego
389 1936 487 2005 sum“‚
509 1934 582 1995 dixit
604 1934 675 2015 „qui
696 1933 817 2013 longum
838 1936 948 1996 metior
968 1953 1092 2002 annum.

217 2018 315 2080 omnia
340 2019 391 2099 qui
412 2018 510 2092 rideo,
532 2037 696 2100 perquem
718 2021 796 2081 videt
817 2022 914 2081 omnia
938 2021 1037 2093 tellus,

215 2104 320 2165 mundi
344 2104 458 2165 oculus.
504 2105 587 2184 mihi,
611 2105 706 2176 crede,
730 2106 856 2184 places.“
901 2115 989 2184 pavet
1010 2105 1069 2177 itta,
1091 2115 1232 2183 metuque

217 2199 247 2250 et
269 2187 353 2250 colus
375 2199 405 2250 et
426 2189 511 2250 lusus
532 2189 632 2267 digitis
654 2189 785 2249 cecidere
806 2189 946 2249 remissis.

216 2274 282 2354 ipse
303 2273 394 2334 timor
415 2274 525 2334 decuit.
570 2291 626 2335 nec
647 2273 764 2353 longius
785 2273 835 2334 ille
857 2285 988 2335 moratus

216 2361 247 2419 in
271 2376 368 2419 veram
392 2358 479 2419 rediit
499 2357 629 2439 speciem
651 2360 829 2439 solitumque
852 2360 998 2420 nitorem:

217 2452 247 2504 at
267 2443 361 2522 virgo,
385 2443 518 2524 quamvis
538 2443 663 2525 inopino
685 2444 784 2506 territa
806 2444 881 2518 visu,

216 2528 291 2590 victa
315 2529 413 2589 nitore
435 2528 482 2590 dei
506 2529 599 2609 posita
622 2530 679 2590 vim
701 2547 785 2610 passa
802 2527 929 2608 querella
953 2539 1008 2589 est.

217 2612 323 2673 invidit
345 2613 440 2693 Clytie
462 2614 675 2693 (nequeenim
697 2614 865 2675 moderatus
885 2614 917 2675 in
940 2613 990 2675 illa

219 2697 298 2758 Solis
318 2715 403 2759 amor
425 2698 532 2776 luerat)
554 2699 760 2779 stimulataque
782 2698 886 2781 pelicis
909 2699 951 2759 ira

216 2783 317 2861 vulgat
338 2782 516 2843 adulterium
538 2784 778 2865 diffamatumque
801 2784 914 2864 parenti

217 2868 338 2929 indicat.
382 2867 432 2928 ille
455 2868 537 2929 lerox
559 2869 821 2950 inmansuetusque
842 2880 1015 2949 precantem

217 2952 448 3032 tendentemque
471 2956 633 3015 manus-ad
656 2956 767 3016 lumina
790 2954 867 3015 Solis
889 2965 919 3016 et
942 2956 1013 3031 „ille

217 3038 276 3097 vim
298 3038 366 3098 tulit
389 3038 515 3099 invitae“
539 3040 682 3100 dicentem
706 3040 818 3101 delodit
839 3039 894 3100 alta

218 3122 329 3183 crudus
351 3124 443 3183 humo
466 3123 671 3204 tumulumque
693 3145 782 3206 super
804 3127 899 3203 gravis
921 3127 1002 3187 addit
1023 3129 1158 3188 harenae.
1256 3134 1298 3184 tto

218 3207 341 3287 dissipat
363 3209 445 3269 hunc
466 3209 556 3269 radiis
576 3210 744 3290 Hyperione
767 3222 854 3272 natus
875 3213 990 3290 iterque

287 3374 364 3425 tot
357 3390 447 3443 rpsosq
450 3373 516 3427 nei
568 3377 711 3429 hahebase
771 3377 979 3431 2030010νίοΜ
1046 3382 1095 3430 200
1115 3379 1254 3433 adoriierae
1272 3377 1295 3429 Μ

218 3443 266 3492 210
287 3439 403 3492 rincitt
467 3447 727 3509 212rexittreoet)
746 3445 770 3496 Μ
825 3447 1028 3499 achamoniash
1049 3449 1196 3568 s.aehgmc
1248 3450 1297 3500 213

219 3539 315 3595 hotot
384 3545 436 3596 220
454 3546 591 3612 arripitee
659 3547 685 3598 lo
705 3550 774 3599 uenti
792 3547 817 3599 Μ
887 3552 937 3602 225
956 3533 1062 3602 relictos
1084 3552 1109 3603 Μ
1161 3548 1299 3604 relictus).

219 3612 269 3662 226
288 3609 434 3663 emeciori
480 3616 529 3665 227
549 3619 578 3665 in
595 3631 682 3681 marg.
726 3615 826 3668 228
844 3623 952 3684 paret
940 3635 970 3668 m
988 3635 1075 3685 marg.
1088 3620 1113 3670 Μ
1158 3624 1208 3672 230
1225 3620 1297 3684 morl

219 3759 366 3814 remotusi
436 3766 483 3815 230
503 3766 578 3816 sict}
631 3767 752 3820 laciemr
812 3765 930 3823 nitorem
949 3769 976 3822 Μ
1006 3702 1181 3825 quthrrqqqe
1249 3774 1298 3826 233

219 3896 261 3948 dei
279 3903 318 3949 est
336 3916 349 3948 ε
402 3914 478 3965 passa
497 3906 537 3951 est
554 3903 657 3967 querela
677 3900 692 3953 t
743 3906 792 3957 200
811 3881 889 3959 hbmo
907 3905 935 3959 Μ
