2692 4230
129 162 251 201 sacrorn.
282 163 347 202 cerr
561 145 604 214 lll,
620 147 766 200 tto-tto.

130 339 177 382 me
201 339 322 403 quoque
343 316 415 380 tolle
437 314 537 378 simul.
579 326 659 381 certe
680 317 853 383 iactabimur
874 334 943 390 nna,

131 425 187 468 nee
209 405 266 468 nisi
288 421 365 485 quae
386 399 493 483 patiar,
515 411 660 466 metuam:
685 405 854 486 pariterque
875 402 1013 475 feremus,

131 489 272 572 quiequid
296 488 362 560 erit,
385 482 495 565 pariter
516 506 606 569 snper
626 507 756 570 aequora
778 490 834 552 lata
856 479 1002 550 feremur?

214 570 337 635 Talibus
359 568 490 633 Aeolidis
511 572 597 636 dietis
618 572 805 655 lacrimisque
825 581 959 635 moretur

130 659 262 721 sidereus
284 653 431 716 coniunx:
455 675 553 737 neque
576 657 655 719 enim
677 657 777 719 minor
796 658 874 737 ignis
895 659 925 720 in
949 657 1013 739 ipso
1036 662 1089 716 est.

130 743 182 806 sed
204 758 303 821 neque
325 740 498 823 propositos
518 741 615 824 pelagi
637 741 784 803 dimittere
806 759 920 817 cursus,

131 846 187 890 nee
208 824 271 886 vult
293 826 445 906 Alcyonen
468 827 500 888 in
523 835 636 907 partem
657 825 797 887 adhibere
818 825 931 904 pericli,

130 910 283 992 multaque
304 912 461 993 respondit
482 910 618 972 timidum
640 909 766 972 solantia
791 918 904 990 pectus.

131 1006 313 1058 nontamen
337 998 447 1059 ideireo
471 1011 589 1057 causam
612 993 727 1075 probat
770 993 880 1056 addidit
901 992 958 1054 illis

130 1081 189 1142 hoc
211 1098 332 1162 quoque
353 1080 494 1154 lenimen,
517 1098 577 1161 quo
600 1078 665 1142 solo
687 1079 770 1141 flexit
789 1088 950 1141 amantem:

128 1159 230 1246 ‘longa
253 1167 373 1248 quidem
396 1175 441 1226 est
463 1164 551 1227 nobis
573 1165 670 1227 omnis
692 1183 791 1227 mora:
815 1165 865 1227 sed
889 1163 940 1224 tibi
963 1161 1028 1222 iuro

131 1269 185 1332 per
206 1250 318 1333 patrios
340 1251 435 1329 ignes,
457 1251 552 1312 sime
574 1251 663 1312 modo
685 1250 742 1312 lata
764 1249 927 1323 remittent,

130 1345 200 1398 ante
221 1353 420 1410 reversurum,
442 1352 532 1416 quam
554 1334 626 1396 luna
649 1334 696 1396 bis
719 1335 830 1415 inpleat
851 1326 970 1395 orbem?

130 1421 178 1484 bis
199 1420 250 1482 ubi
272 1420 427 1503 promissis
448 1437 518 1500 spes
539 1427 585 1479 est
606 1419 723 1482 admota
744 1437 892 1491 recursus,

131 1507 269 1589 protinus
292 1504 426 1566 eductam
450 1503 603 1566 navalibus
624 1522 753 1585 aequore
775 1502 870 1583 tingui

130 1591 285 1672 aptarique
307 1589 369 1651 suis
391 1588 495 1670 pinum
519 1588 600 1651 iubet
621 1589 819 1652 armamentis.

132 1694 189 1757 qua
211 1691 315 1735 rursus
337 1673 407 1749 risa,
430 1673 519 1736 veluti
543 1692 684 1756 praesaga
706 1675 808 1748 futuri,

132 1757 249 1822 horruit
270 1759 402 1840 Alcyone
423 1759 621 1840 lacrimasque
642 1759 741 1821 emisit
762 1756 880 1821 obortas

132 1845 345 1928 amplexusque
367 1844 448 1906 dedit
470 1843 607 1923 tristique
628 1843 792 1906 miserrima
815 1841 932 1904 tandem

133 1948 184 1992 ore
207 1929 310 2006 „vale“
332 1929 406 1991 dixit
427 1929 629 2011 conlapsaque
650 1947 776 2012 corpore
798 1936 861 1992 toto
884 1936 938 1988 est.

132 2023 178 2078 ast
199 2015 330 2088 iuvenes,
353 2022 515 2094 quaerente
536 2031 635 2076 moras
656 2015 760 2094 Ceyce,
782 2014 930 2076 reducunt

132 2099 289 2162 ordinibus
312 2098 437 2178 geminis
457 2098 493 2159 ad
516 2098 603 2159 fortia
626 2107 746 2179 pectora
767 2115 865 2159 remos

133 2184 307 2264 aequalique
330 2182 391 2244 ictu
412 2181 555 2244 scindunt
575 2182 658 2245 treta.
701 2181 822 2245 sustulit
843 2181 893 2242 illa

134 2278 270 2331 umentes
293 2267 396 2329 oculos
417 2275 604 2348 stantemque
625 2267 656 2329 in
679 2286 780 2350 puppe
801 2284 923 2330 recurva

134 2370 338 2433 concussaque
359 2370 449 2414 manu
472 2353 591 2414 dantem
613 2352 669 2415 sibi
691 2353 776 2431 signa
798 2351 935 2414 maritum

133 2437 229 2519 prima
250 2437 330 2499 videt
352 2437 510 2516 redditque
531 2446 626 2499 notas
669 2434 721 2498 nbi
743 2445 820 2498 terra
842 2434 964 2498 recessit

134 2521 263 2603 longius,
285 2531 374 2602 atque
396 2521 476 2583 oculi
500 2530 654 2602 nequeunt
675 2539 857 2601 cognoscere
877 2519 984 2592 vultus,

135 2608 204 2669 dum
227 2607 306 2681 licet,
329 2606 496 2687 insequitur
517 2606 679 2686 lugientem
702 2606 814 2668 lumine
836 2607 950 2687 pinum.

134 2694 207 2754 haee
230 2710 350 2772 quoque
373 2701 406 2752 ut
427 2691 507 2754 baud
529 2700 655 2772 poterat,
678 2692 773 2774 spatio
795 2691 940 2763 submota,
962 2687 1062 2761 rideri,

134 2776 196 2838 vela
218 2785 316 2838 tamm
339 2785 452 2858 spectat
472 2794 589 2838 summo
612 2777 758 2840 tlnitantia
779 2777 865 2839 malo.

134 2870 169 2923 ut
192 2881 248 2923 neo
269 2861 332 2922 vela
353 2861 441 2936 ridet,
463 2880 587 2924 vacuum
610 2863 686 2944 petit
706 2863 792 2925 anxia
814 2862 923 2924 lectum

135 2965 227 3027 seque
247 2956 314 3007 toro
336 2946 432 3026 ponit.
475 2955 599 3009 renouat
619 2947 773 3029 lectusque
795 2947 937 3027 locusque

136 3031 284 3111 Alcyonae
306 3029 441 3092 lacrimas
463 3041 502 3105 et,
526 3051 601 3112 quae
624 3052 701 3114 pars,
723 3033 873 3104 admonet,
894 3029 980 3091 absit.

222 3115 360 3177 Portibus
382 3116 524 3190 exierant,
547 3127 576 3179 et
598 3128 729 3179 moverat
749 3136 820 3180 aura
841 3116 994 3179 rudentes:

136 3201 261 3262 obvertit
281 3200 365 3261 lateri
382 3201 546 3280 pendentes
568 3203 664 3265 navita
686 3219 784 3264 mmos
1168 3203 1212 3254 ⁴¹⁷5

136 3303 307 3366 cornuaque
331 3285 362 3345 io
385 3303 499 3348 summa
522 3285 600 3349 locat
620 3289 726 3349 arbore
749 3297 869 3367 totaque
890 3284 967 3346 malo

205 3438 255 3487 443
274 3435 370 3502 pariter
387 3432 473 3487 omi.
523 3440 573 3489 445
594 3452 676 3505 neque
695 3438 776 3489 ieme
832 3438 883 3488 449
901 3434 974 3487 illiG
1030 3435 1080 3485 450
1098 3423 1213 3482 oeetitl

136 3505 188 3556 tot
206 3502 288 3569 latllta
305 3506 331 3565 (e
343 3505 422 3623 eqoqq
434 3505 566 3621 reimittaut
578 3503 604 3556 bl
655 3506 713 3577 ⁴5²«
725 3506 765 3559 bis
777 3506 837 3559 luna
856 3502 871 3556 l
921 3506 972 3556 454
991 3515 1070 3568 prom.
1083 3514 1117 3550 eo
1133 3511 1212 3563 perm.

137 3636 270 3757 cumbiZ
298 3641 347 3691 455
389 3585 500 3704 tangquie
553 3644 603 3695 456
621 3640 802 3720 armadquell
854 3635 1050 3726 tbssabortasc
1085 3631 1214 3753 Mtbll⁴tqi9

136 3712 283 3842 4444
321 3710 459 3828 ttae
508 3705 1215 3851 renuntiauerant

136 3838 212 3922 stitit
264 3846 304 3907 [ia
322 3859 424 3909 marga
441 3852 471 3896 ut
484 3843 650 3910 Prilrleiaons
667 3848 722 3909 (tto.
741 3843 780 3898 ut
795 3860 820 3912 p.
839 3847 899 3908 llll
916 3843 992 3896 dicit:
1010 3841 1152 3906 absorpto
1170 3835 1215 3888 ab·

138 3906 248 3973 strittli.
302 3911 389 3964 obstet
406 3915 438 3975 (i.
455 3919 523 3976 teir
