2692 4230
103 136 165 200 308
239 190 240 194 ,
424 190 427 197 .
560 145 714 200 mallit
965 162 1065 201 corma.
1096 165 1170 204 cmcr

104 316 135 378 in
159 315 267 398 quibus
289 328 323 381 ut
344 317 453 380 solidis·
468 315 556 398 ponit
576 315 699 393 vestigia
719 317 805 379 terris

102 420 276 484 summaque
297 402 428 465 decurrit
448 398 575 481 pedibus
594 416 687 479 super
707 417 834 480 aequora
855 405 950 468 siccis.
1140 416 1171 466 ao

102 505 210 568 parvus
232 496 296 550 arat
315 503 433 567 gurges,
455 499 564 544 curvos
584 482 718 543 sinuatus
739 482 770 544 in
792 503 887 562 arcus,

103 583 183 651 grata
205 572 289 653 quies
312 569 443 649 Scyllae:
466 584 527 647 qun
549 585 582 627 se
604 565 747 628 referebat
769 566 805 628 ab
826 586 907 637 aestu

103 667 134 719 et
153 656 243 719 maria
264 665 294 717 et
315 652 399 725 caeli,
420 651 518 712 medio
540 669 609 712 cum
631 650 777 732 plurimus
798 652 869 715 orbe

103 740 155 803 Sol
177 749 240 802 erat
261 749 291 800 et
312 735 448 798 minimas
469 755 487 797 a
507 736 618 798 vertice
638 737 748 798 lecerat
767 736 894 800 umbras.

104 827 185 887 hunc
206 824 260 885 dea
282 819 434 901 praevitiat
455 821 709 902 portentificisque
730 820 850 883 venenis

103 909 250 991 inquinat,
272 905 322 966 hic
342 904 425 965 lusos
445 903 549 967 latices
569 907 667 968 radice
690 905 807 966 nocenti

104 991 216 1075 spargit
238 999 268 1050 et
290 988 449 1050 obscurum
470 990 628 1053 verborum
650 989 771 1069 ambage
793 1008 936 1051 novorum

103 1090 148 1138 ter
171 1074 294 1136 noviens
316 1091 434 1136 carmen
456 1075 572 1154 magico
594 1076 795 1138 demurmurat
815 1093 875 1136 ore.

104 1160 200 1240 Scylla
222 1157 303 1219 venit
323 1159 478 1239 mediaque
498 1167 588 1222 tenus
609 1161 800 1223 descenderat
821 1158 895 1235 dvo,

104 1261 172 1307 cum
194 1262 247 1304 sua
269 1242 379 1304 foedari
401 1242 577 1306 latrantibus
598 1245 720 1325 inguina
741 1244 881 1307 monstris

103 1328 237 1409 adspicit.
281 1345 317 1389 ac
338 1328 434 1409 primo
456 1329 582 1391 credens
603 1349 665 1392 non
688 1329 822 1412 corporis
843 1329 908 1392 ibas

104 1431 169 1474 esse
191 1412 237 1475 sui
259 1424 367 1493 partes,
389 1413 560 1495 refugitque
580 1414 731 1496 abigitque
752 1415 893 1496 timetque

104 1495 156 1560 bra
178 1507 315 1579 proterva
337 1516 460 1562 canum:
485 1501 537 1562 sed
560 1519 635 1580 quos
656 1500 741 1579 sugit,
762 1501 879 1562 attrahit
901 1518 967 1563 una.

105 1593 135 1645 et
155 1600 265 1664 corpus
286 1601 432 1661 quaerens
453 1584 601 1645 lemurum
622 1602 800 1664 crurumque
821 1587 999 1666 pedumque,

104 1667 265 1730 Cerbereos
286 1667 379 1728 rictus
400 1685 455 1747 pro
477 1666 614 1747 partibus
633 1667 746 1728 invenit
767 1667 835 1742 illis,

106 1762 221 1831 statque
245 1768 352 1811 canum
374 1750 465 1826 rabie,
486 1749 680 1831 subiectaque
702 1762 782 1828 terga
803 1751 929 1814 terarum

108 1834 281 1915 inguinibus
301 1836 416 1897 truncis
436 1846 583 1916 uteroque
606 1845 736 1898 exstante
757 1847 882 1898 ooeroet

190 1919 283 1981 Flevit
303 1937 406 1983 amans
426 1920 557 1983 Glaucus
579 1921 763 2001 nimiumque
783 1920 930 1983 hostiliter
951 1938 1021 1981 usae

104 2004 215 2066 viribus
236 2003 394 2066 herbarum
415 2005 492 2084 sugit
514 2004 643 2067 conubia
663 2005 771 2068 Circes.
860 2005 864 2011 ’

23 2118 25 2121 ·
105 2088 202 2169 Scylla
224 2088 290 2150 loco
311 2088 429 2151 mansit.
472 2107 601 2170 cumque
624 2101 668 2151 est
688 2091 755 2151 data
777 2090 871 2171 copia,
893 2089 1020 2172 primum

104 2173 136 2235 in
160 2173 259 2236 Circes
281 2173 382 2234 odium
403 2173 493 2235 sociis
513 2174 651 2256 spoliavit
671 2173 785 2235 Ulixen.

104 2276 174 2320 mox
196 2257 297 2318 eadem
319 2256 448 2320 'l'eucras
469 2258 567 2320 luerat
587 2276 720 2320 mersura
742 2259 865 2331 carinas,

106 2343 139 2404 ni
160 2343 243 2424 prius
264 2341 295 2403 in
318 2342 484 2424 scopulum,
508 2343 559 2423 qui
583 2361 664 2404 nunc
686 2361 804 2423 quoque
826 2361 929 2404 saxeus
949 2353 1052 2418 exstat,

106 2428 312 2489 transformata
334 2427 426 2488 toret:
448 2427 606 2509 scopulum
629 2446 747 2508 quoque
769 2428 864 2489 navita
885 2429 963 2489 vitat.

191 2511 279 2572 llunc
300 2510 352 2572 ubi
372 2512 517 2575 Troianae
539 2513 630 2574 remis
649 2511 821 2593 avidamque
842 2511 1005 2591 Charybdin

106 2597 219 2658 evicere
241 2605 328 2670 rates,
350 2615 418 2658 cum
440 2596 498 2659 iam
521 2615 617 2677 prope
637 2594 708 2658 litus
727 2597 864 2659 adessent

106 2681 281 2752 Ausonium,
303 2680 428 2761 Libycas
448 2691 538 2743 rento
559 2682 729 2743 referuntur
750 2682 787 2743 ad
809 2700 883 2743 oras.

105 2765 442 2912 thiathold
459 2766 816 2930 tlhzt‘tdtltt

106 2933 242 2996 Sidonis:
265 2935 355 3015 inque
377 2954 448 3017 pyra
470 2936 546 2998 sacri
568 2934 624 2996 sub
646 2935 774 3014 imagine
795 2936 870 2997 iacta

107 3020 243 3082 incubuit
264 3020 344 3081 lerro
366 3021 548 3102 deceptaque
569 3020 680 3102 decipit
701 3037 813 3081 omnes

107 3122 210 3166 rursus
231 3105 393 3166 harenosae
414 3105 532 3184 lugiens
555 3124 628 3167 nova
651 3105 767 3166 moenia
790 3115 884 3165 terrae

106 3188 143 3250 ad
164 3189 323 3269 sedemque
344 3188 446 3269 Erycis
467 3189 618 3270 fidumque
639 3189 749 3251 relatus
770 3191 894 3250 Acesten

107 3273 251 3336 sacrificat
272 3272 478 3354 tumulumque
500 3273 547 3335 sui
570 3274 713 3352 genitoris
734 3275 870 3335 honorat.

175 3474 208 3524 lt)
226 3471 303 3524 solita
319 3478 402 3524 eet—
413 3472 486 3524 terris
497 3470 533 3537 bi,
549 3473 621 3524 aar&
637 3475 754 3524 coateri.-
771 3472 901 3525 solidis-
911 3471 990 3523 terris.
1002 3497 1035 3508 -
1053 3469 1173 3522 solida-

108 3547 172 3592 terra
191 3558 214 3603 ς,
258 3538 411 3592 solida-ri
431 3540 550 3592 allaim,
602 3543 635 3592 62
653 3541 733 3607 gratal
753 3546 822 3608 parta
841 3557 875 3591 ea
892 3536 1004 3607 pratabl
1057 3542 1089 3589 66
1108 3554 1173 3589 nunc

107 3607 155 3660 dea
167 3606 271 3674 prediua
283 3605 310 3658 bl
362 3611 395 3661 66
414 3557 454 3660 bic
466 3608 531 3660 lusis
542 3606 570 3659 lt
621 3611 654 3662 69
672 3607 831 3676 mediamque
844 3615 861 3661 t
874 3604 1003 3660 descendit
1018 3606 1045 3656 iu
1057 3605 1173 3658 alrumC

108 3678 138 3728 61
165 3690 215 3728 oon
239 3674 382 3727 credensa
449 3679 481 3729 ot
501 3676 668 3743 abiritquer
728 3679 761 3727 63
778 3673 941 3742 atthragitbl
1002 3676 1034 3725 66
1052 3673 1135 3725 rabies
1152 3677 1173 3724 Α

107 3743 178 3795 rabie
196 3746 266 3794 ocni.
283 3743 373 3794 Hdas.
425 3744 457 3795 lt
474 3758 618 3811 moanea
676 3747 709 3797 ‘ll
727 3743 943 3796 transmutatas..
962 3756 1081 3793 mxuma
1142 3743 1173 3794 ia

108 3811 207 3863 hanah
259 3810 435 3863 charibdimC
493 3809 651 3864 karibdima
711 3814 744 3864 ts
761 3809 908 3865 discidiabi
967 3812 1000 3862 63
1017 3807 1049 3862 ad
1067 3809 1173 3866 sedest

102 3886 250 3931 acesteme
