2692 4230
148 141 189 204 38
601 150 1216 219 plurrimorum

145 320 287 385 attonitae
308 322 518 429 manibusque
524 331 641 383 uterum
663 321 757 383 celare
783 322 909 386 volenti

143 398 166 466 ‘i
188 407 293 488 procul
315 402 394 470 hinc'
417 401 518 470 dixit‘
522 423 577 467 nec
599 422 697 466 sacros
719 404 818 486 pollue
839 403 944 472 tontes'

148 489 288 568 Cynthia3
311 493 407 573 deque
427 510 481 553 suo
505 489 588 551 iussit
610 490 744 550 secedere
765 498 860 553 coetu.

231 575 371 639 Senserat
391 577 449 638 hoc
471 573 539 634 olim
562 573 659 651 magni
681 584 812 635 matrona
833 574 975 640 Tonantis

145 660 356 742 distuleratque
377 677 478 740 graves
500 658 530 717 in
553 656 657 717 idonea
681 667 812 737 tempora
833 677 952 738 poenos.

145 764 233 808 causa
254 764 354 807 morae
377 743 456 804 nulla
479 753 532 814 est,
554 748 584 801 et
606 741 662 802 iam
686 760 758 820 puer
779 742 869 804 Arcas
891 746 962 818 (id
953 765 1051 828 ipsum

145 830 273 892 indoluit
293 830 379 903 luno)
401 828 496 888 luerat
517 826 553 886 de
576 824 669 906 pelice
691 834 784 886 natus

142 933 204 1017 quo
226 914 314 976 simul
336 910 463 973 obvertit
484 927 597 971 sacram
619 929 686 972 cum
708 910 818 972 lumine
844 920 982 988 mentem,

142 992 269 1061 ‘scilicet
289 999 346 1058 hoc
368 995 456 1056 etiam
478 995 614 1067 restabat
635 990 773 1058 adultera'
796 995 877 1070 dixit,

140 1077 185 1145 ‘ut
209 1081 334 1144 secunda
356 1080 445 1153 sores,
467 1081 637 1162 floretque
628 1082 734 1144 iniuria
761 1090 846 1163 partu

144 1177 224 1239 nota,
247 1165 382 1245 lorisque
403 1165 460 1226 mei
481 1175 621 1229 testatum
641 1168 768 1229 dedecus
788 1173 876 1228 esset.

142 1250 252 1312 haud
244 1269 357 1331 inpune
380 1250 471 1313 leres:
495 1252 619 1313 adimam
642 1252 693 1313 tibi
716 1270 821 1332 nempe
842 1250 976 1332 liguram,

144 1353 202 1414 qua
223 1334 286 1408 tihi,
309 1353 426 1416 qunque
447 1336 546 1417 places
568 1346 682 1411 nostro,
704 1336 874 1418 inportuna,
896 1330 1020 1397 marito?

144 1419 217 1480 dixit
238 1429 267 1481 et
287 1439 416 1483 aversam
439 1421 556 1502 prensis
576 1440 593 1482 a
616 1422 711 1482 ironte
732 1420 846 1502 capillis

143 1505 244 1566 stravit
265 1505 348 1567 humi
370 1523 504 1588 pronam.
548 1506 682 1567 tendebat
705 1504 838 1567 bracchia
866 1506 1007 1587 supplex.

142 1588 279 1652 bracchia
302 1599 464 1672 coeperunt
486 1590 578 1669 nigris
600 1592 769 1651 horrescere
789 1589 874 1664 villis,

143 1675 317 1756 curvarique
338 1693 443 1736 manus
465 1685 493 1735 et
515 1675 645 1736 aduncos
667 1675 848 1736 crescensin
871 1691 986 1753 ungues

143 1760 302 1839 officioque
324 1761 432 1839 pedum
455 1759 548 1836 iungi,
571 1759 742 1838 laudataque
764 1759 912 1838 quondam

142 1863 194 1906 ora
216 1844 277 1904 lori
298 1843 358 1905 lato
380 1843 444 1904 fieri
466 1843 605 1903 deformia
630 1843 713 1903 rictu.

143 1945 215 1990 nere
240 1946 343 2008 preces
364 1928 478 1989 animos
500 1936 530 1987 et
551 1926 637 1988 verba
660 1926 805 2006 precantia
834 1927 963 2000 flectant,

142 2031 231 2095 posse
254 2012 335 2092 loqui
358 2012 496 2092 cripitur3
519 2030 572 2073 vor
595 2012 733 2072 iracunda
754 2011 910 2090 minaxque

143 2099 289 2179 plenaque
305 2097 426 2158 terroris
447 2114 536 2158 rauco
559 2098 595 2158 de
617 2107 733 2176 gutture
754 2097 857 2157 iertur.

140 2202 226 2244 mens
248 2182 368 2262 antiqua
390 2191 487 2243 tamen
510 2182 583 2243 iacta
606 2200 724 2262 quoque
745 2181 850 2242 mansit
872 2180 902 2241 in
925 2198 1003 2253 ursa,

141 2268 321 2346 adsiduoque
343 2285 413 2328 suos
435 2268 545 2346 gemitu
569 2276 671 2328 testata
697 2266 812 2327 dolores

141 2352 371 2433 qualescumque
393 2370 498 2413 manus
519 2351 554 2412 ad
577 2352 688 2412 caelum
711 2362 741 2411 et
761 2351 856 2411 sidera
879 2349 955 2410 tollit

141 2439 349 2516 ingratumque
371 2436 479 2507 lovem,
502 2447 626 2516 nequeat
649 2455 716 2497 cum
738 2435 843 2509 dicere,
866 2435 963 2495 sentit

139 2542 156 2583 a
178 2521 325 2604 quotiens,
348 2521 409 2583 sola
432 2541 493 2582 non
515 2540 584 2582 ausa
607 2521 756 2600 quiescere
778 2519 858 2594 silva,

138 2617 207 2669 ente
228 2608 348 2668 domum
372 2606 578 2686 quondamque
600 2607 661 2666 suis
683 2605 787 2666 erravit
812 2605 842 2665 iu
868 2604 961 2683 ogrisi

140 2711 156 2753 a
179 2692 318 2771 quotiens
339 2709 393 2771 per
414 2709 481 2752 saxa
503 2709 609 2751 canum
632 2690 781 2752 latratibus
802 2698 865 2750 acta
887 2698 931 2750 est

140 2777 329 2857 venatrixque
351 2785 430 2838 metu
451 2785 609 2837 venantum
632 2774 731 2837 territa
759 2775 851 2853 iugitl

138 2880 227 2943 saepe
249 2862 319 2923 ieris
341 2860 425 2922 latuit
446 2861 525 2933 risis,
548 2860 637 2921 oblita
660 2860 728 2942 quid
752 2869 837 2933 esset,

138 2965 266 3027 ursaque
287 2956 465 3027 conspectos
486 2947 516 3006 in
539 2947 689 3006 montibus
711 2945 824 3020 horruit
845 2960 931 3005 ursos

138 3031 350 3114 pertimuitque
372 3030 469 3112 lupos,
491 3032 621 3111 quamvis
643 3039 724 3127 pater
746 3039 818 3091 esset
849 3025 969 3089 inillis.
1165 3036 1208 3087 495

222 3117 310 3191 Ecce,
332 3115 496 3196 Lycaoniae
518 3115 656 3195 proles,
649 3133 747 3194 ignara
769 3112 908 3193 parentis,

137 3204 228 3263 Arcas
249 3202 340 3273 adest,
362 3212 408 3262 ter
428 3200 561 3281 quinque
583 3201 644 3261 iere
666 3198 810 3261 natalibus
830 3197 918 3259 actis·

205 3353 256 3403 463
279 3365 328 3418 que
351 3365 432 3401 onus
500 3353 547 3402 471
575 3347 714 3416 restabaltt
732 3348 756 3399 lll
825 3350 874 3400 474
899 3342 1024 3413 nempei
1059 3344 1207 3413 namquel)

136 3457 187 3506 475
205 3468 320 3520 quauee
389 3455 439 3506 476
455 3455 494 3502 rie
511 3451 540 3503 M
590 3439 723 3542 inversi’l
756 3452 794 3514 (tn
816 3464 904 3514 marg.
921 3447 1014 3511 inrecto)
1039 3453 1197 3515 arreptamr

136 3586 406 3654 adtersall'augere‘m
433 3589 458 3650 a]
471 3583 531 3638 del
573 3526 768 3640 ttaet'suxi
802 3586 851 3637 494
864 3583 896 3636 de
902 3580 1012 3636 rauool
1055 3585 1203 3636 lsotamen

137 3738 222 3806 Itapla.
239 3738 338 3804 llogiua
354 3738 489 3806 flmauetd
542 3741 592 3791 487
614 3669 748 3806 petppp'pssa]
797 3738 864 3800 ass:
865 3751 880 3786 a
897 3734 953 3805 lvd
978 3734 1062 3788 stult*
1104 3694 1165 3788 sita
1181 3732 1207 3786 tt

863 3820 876 3852 2

122 3892 182 3938 492
199 3891 369 3958 renatn‘rque
385 3889 560 3957 (mctalli
612 3895 662 3946 494
680 3822 890 3959 ctisnsrpgidiosl
939 3890 988 3940 497
1007 3887 1092 3940 terea
1135 3827 1207 3941 terei
