2692 4230
170 126 284 163 inactum
518 113 548 178 V,
567 112 710 166 oto-ott.
745 109 786 177 Vl,
807 114 893 166 1-16.

170 293 237 345 aere
260 285 439 367 pendebant,
463 299 616 343 nemorum
639 282 780 356 convicia,
803 282 894 381 picae.

171 387 252 432 nunc
274 389 393 452 quoque
416 370 446 429 in
469 365 588 428 alitibus
609 366 744 430 facundia
767 369 861 449 prisca
884 365 1023 428 remansit

169 472 317 536 raucaque
340 451 495 534 garrulitas
516 451 733 535 studiumque
725 471 842 560 inmane
864 445 1023 533 loquendi.³

604 708 807 717 ——0—

529 905 668 990 LIBER
694 902 882 987 sullus.

253 1073 429 1137 Praebuerat
452 1077 538 1139 dictis
558 1075 689 1136 Tritonia
713 1074 818 1137 talibus
840 1093 925 1138 aures

167 1160 356 1240 carminaque
378 1162 526 1223 Aonidum
547 1160 712 1241 iustamque
733 1161 933 1241 probaverat
925 1179 1007 1222 iram.

165 1256 229 1306 tum
251 1263 353 1307 secum
372 1240 505 1307 ‘laudare
527 1263 631 1342 parum
654 1256 714 1317 est;
737 1247 888 1308 laudemur
909 1254 938 1306 et
959 1245 1040 1352 ipsae

167 1329 288 1392 numina
312 1349 368 1392 nec
391 1330 491 1410 sperni
514 1330 578 1391 sine
599 1349 695 1412 poena
717 1341 816 1393 nostra
839 1331 978 1392 sinamus.

165 1414 377 1496 Maeoniaeque
399 1415 531 1476 animum
554 1415 620 1478 latis
642 1416 766 1478 intendit
787 1417 946 1488 Arachnes,

114 1511 118 1517 ·
165 1518 254 1581 quam
276 1499 332 1561 sibi
354 1499 488 1561 lanificae
511 1518 571 1561 uon
594 1501 699 1562 cedere
720 1499 854 1563 laudibus
875 1500 945 1562 artis

164 1586 304 1647 audierat.
350 1602 410 1644 non
434 1584 483 1646 illa
505 1586 570 1646 loco
595 1604 691 1666 neque
712 1585 826 1666 origine
848 1585 943 1665 gentis

164 1669 253 1743 clara,
276 1669 326 1729 sed
349 1679 412 1730 arte
435 1670 499 1732 luit
544 1679 627 1750 poter
648 1670 718 1731 buic
739 1669 940 1751 Colophonius
962 1670 1067 1732 ldmon

163 1755 309 1816 Phocaico
334 1752 448 1815 bibulas
469 1754 621 1833 tinguebat
644 1755 755 1816 murice
777 1755 867 1828 lanas,

164 1839 312 1900 occiderat
333 1848 443 1911 mater3
466 1838 517 1899 sed
540 1849 567 1900 et
589 1841 661 1902 haec
683 1840 719 1901 de
741 1839 827 1921 plebe
847 1858 961 1920 suoque

162 1941 256 2004 aequa
278 1923 339 1984 viro
362 1923 466 1984 iuerat.
511 1922 605 2003 Lydas
626 1933 725 1986 tamen
747 1924 795 1987 illa
818 1944 870 2005 per
892 1924 979 1986 urbes

163 2008 328 2089 quaesierat
350 2008 448 2070 studio
473 2026 580 2070 nomen
603 2009 800 2083 memorabile,
822 2011 952 2089 quamvis

163 2103 227 2154 orta
249 2093 337 2153 domo
361 2111 448 2173 parva
472 2093 568 2174 parvis
590 2093 737 2156 habitabat
758 2093 914 2175 Hypaepis.

163 2178 252 2238 buius
275 2187 309 2238 ut
331 2178 518 2259 adspicerent
539 2197 615 2259 opus
637 2177 815 2253 admirabile,
836 2198 926 2261 saepe

162 2262 320 2324 deseruere
341 2265 387 2323 sui
411 2264 557 2344 nymphae
578 2264 675 2326 vineta
696 2263 813 2336 Timoli,

162 2349 319 2409 deseruere
340 2366 408 2409 suas
430 2349 575 2430 nymphae
598 2348 761 2410 Pactolides
781 2349 884 2410 undas.

163 2450 219 2494 nec
242 2432 332 2494 lactas
354 2432 451 2493 solum
472 2442 567 2495 vestes
588 2441 721 2514 spectare
743 2432 870 2495 iurabat:

161 2528 224 2579 tum
248 2537 378 2598 quoque,
400 2536 468 2578 cum
491 2519 611 2596 herent:
634 2527 734 2580 tantus
755 2518 844 2580 decor
863 2516 956 2579 adluit
977 2516 1041 2579 arti.

162 2603 224 2665 sire
245 2603 350 2663 rudem
374 2603 487 2682 primos
508 2602 605 2664 lanam
627 2599 805 2683 glomerabat
826 2603 858 2662 in
879 2601 975 2674 orbes,

161 2706 214 2749 seu
236 2687 336 2767 digitis
358 2686 512 2765 subigebat
534 2706 610 2769 opus
631 2687 814 2770 repetitaque
835 2687 925 2765 longo

162 2771 267 2833 vellera
290 2770 426 2832 mollibat
448 2772 570 2833 nebulas
591 2773 745 2854 aequantia
766 2780 871 2846 tractu,

161 2857 221 2918 sive
243 2856 298 2917 levi
321 2863 444 2917 teretem
466 2856 597 2919 versabat
618 2857 727 2939 pollice
748 2857 855 2931 lusum,

160 2960 213 3002 seu
237 2940 377 3021 pingebat
398 2960 464 3016 acu,
487 2942 577 3003 scires
598 2961 615 3002 a
637 2942 752 3004 Pallade
773 2943 897 3003 docum.

156 3027 240 3130 quod
263 3035 359 3087 tamen
384 3026 448 3106 ipsa
472 3038 568 3106 negat,
589 3037 728 3108 tantaque
749 3027 860 3088 offensa
883 3027 1043 3129 magistra

156 3105 270 3172 ‘'certet
294 3111 335 3172 ait
354 3103 501 3172 ‘zmecum
527 3111 598 3172 nibil
620 3121 674 3186 est,
696 3112 775 3210 quod
796 3113 871 3173 victa
892 3103 1043 3173 recusem.³
1202 3120 1232 3169 25

159 3195 255 3257 Pallas
276 3215 366 3257 anum
389 3197 509 3258 simulat
531 3196 707 3349 salsosque
700 3217 730 3258 m
754 3205 887 3278 tempora
910 3213 1000 3259 canos

228 3365 277 3416 616
302 3360 452 3415 nemorisl
511 3367 559 3418 611
584 3365 673 3484 qulsff
700 3366 777 3429 (eros
800 3362 872 3423 elll
942 3364 991 3416 618
1019 3361 1130 3413 studium
1155 3367 1231 3412 esta

159 3446 290 3482 nxenrom·
302 3445 411 3482 tucrum·
424 3446 515 3482 nrnrn·
527 3446 620 3484 sexsus
735 3443 1228 3489 rxrnrcrr·ninnn·outnrus·rncrrrr·

159 3514 270 3551 sexsus
291 3495 307 3549 1
379 3514 470 3550 nrnnn
481 3514 589 3551 sextus·
609 3519 623 3551 r

227 3566 295 3631 v1,2
314 3565 442 3619 iustaml
493 3567 632 3621 blaetisa
684 3571 795 3619 tneor
847 3567 939 3620 Sbuic
956 3566 1019 3618 odd.
1036 3564 1075 3616 hl
1115 3564 1231 3631 colophi-

158 3717 249 3772 niusl
316 3723 343 3772 11
363 3718 478 3771 lidiash
543 3723 573 3773 13
591 3717 723 3786 hipelisll
773 3715 888 3837 hpiss‘iss
936 3643 1079 3788 lppleieiiga
1145 3720 1181 3770 15.
1199 3720 1229 3769 16

156 3788 243 3839 vinela
262 3786 344 3839 timoli
361 3787 497 3840 deseruere
515 3803 574 3840 suas
592 3787 694 3855 nimphe
712 3802 762 3839 om.
809 3787 898 3839 ¹.add
914 3785 952 3838 Μ’
1004 3784 1143 3840 dumetaB
1199 3787 1229 3837 19

157 3855 309 3922 glomerarit
327 3851 344 3907 λ
396 3855 579 3923 glomerante
631 3858 663 3910 26
681 3861 797 3923 tempore
815 3851 830 3908 λ

991 3939 1028 3980 μ
