2692 4230
138 176 265 215 amoenos
280 178 313 216 aa
328 178 418 217 seuere
567 158 631 226 vm,
648 148 793 214 tas-tot.

139 354 194 397 nec
216 335 322 415 longae
343 351 448 397 rursus
470 331 642 393 referuntur
662 330 729 392 vina
751 339 887 393 senectae

139 422 268 504 dantque
290 421 388 482 locum
412 416 524 478 mensis
545 416 668 498 paulum
689 419 809 480 seducta
831 412 977 478 secundis.

136 505 186 569 hic
207 524 280 580 nux,
301 502 461 566 hic-mixta
483 510 528 563 est
548 503 668 582 rugosis
688 503 782 565 carica
804 501 910 584 palmis

136 608 293 673 prunaque
317 597 347 649 et
370 587 401 647 in
424 586 534 667 patulis
554 588 719 651 redolentia
741 587 817 650 mala
838 583 975 650 canistris

137 685 167 738 et
187 677 225 737 de
246 671 406 755 purpureis
427 672 581 736 conlectae
601 673 712 735 vitibus
732 691 814 735 uvae.

137 758 281 823 candidus
301 756 332 817 in
355 755 453 818 medio
476 758 559 821 larus
581 768 635 819 est.
679 774 769 837 super
792 757 891 818 omnia
911 754 1010 818 vultus

136 860 287 908 accessere
308 840 379 903 boni
403 860 460 905 nec
480 843 562 905 iners
583 859 758 923 pauperque
781 840 924 902 voluntas.

172 948 173 951 ¹
221 926 337 988 Interea
359 927 470 990 totiens
490 929 629 990 haustum
651 933 763 986 cratera
784 924 893 1006 repleri

136 1020 244 1093 sponte
265 1030 318 1073 sua
339 1032 393 1094 per
415 1031 508 1092 seque
530 1010 632 1071 vident
653 1028 841 1072 succrescere
862 1009 939 1070 vina.

135 1096 252 1158 attoniti
276 1097 403 1160 nouitate
426 1106 533 1178 pavent
554 1094 752 1174 manibusque
775 1094 892 1176 supinis

135 1181 311 1262 concipiunt
331 1181 499 1260 Baucisque
520 1199 627 1260 preces
649 1179 830 1262 timidusque
851 1177 1005 1241 Philemon

135 1277 163 1327 et
186 1267 300 1330 veniam
322 1265 447 1347 dapibus
469 1264 620 1346 nullisque
642 1265 793 1347 paratibus
813 1275 909 1328 orant

134 1351 243 1414 unicus
263 1370 350 1414 anser
372 1360 444 1425 erat,
466 1350 607 1413 minimae
628 1350 760 1412 custodia
782 1349 882 1411 villae:

135 1455 222 1517 quem
245 1437 290 1497 dis
312 1434 481 1515 hospitibus
501 1434 615 1497 domini
637 1443 766 1496 mactare
787 1434 937 1516 parabant.

134 1520 184 1582 ille
205 1520 284 1582 celer
305 1539 405 1601 penna
427 1521 527 1581 tardos
548 1528 643 1594 aetate
664 1519 767 1599 fatigat

135 1605 285 1693 eluditque
307 1605 356 1666 din
379 1606 558 1685 tandemque
580 1615 626 1666 est
646 1603 726 1666 visus
751 1603 787 1666 ad
810 1604 891 1685 ipsos

134 1690 304 1768 confugisse
325 1690 405 1751 deos.
449 1689 551 1771 superi
573 1699 693 1752 vetuere
715 1689 813 1751 necari

134 1769 192 1852 „di’
216 1794 275 1856 que
293 1770 420 1849 ‘sumus‚
441 1774 622 1856 meritasque
643 1775 706 1836 luet
725 1774 831 1835 vicinia
853 1793 965 1856 poenas

133 1853 227 1940 inpia'
252 1860 407 1936 dixerunt;
427 1851 524 1920 ‘vobis
546 1858 721 1921 inmunibus
742 1859 832 1921 buius

134 1962 198 2006 esse
220 1944 288 2006 moli
311 1944 437 2006 dabitur.
482 1944 570 2007 modo
593 1954 690 2007 vestra
710 1944 870 2025 relinquite
891 1953 969 2006 tecta

132 2047 167 2090 ac
189 2040 307 2091 nostros
330 2030 467 2092 comitate
489 2030 599 2108 gradus
621 2040 651 2092 et
672 2030 703 2090 in
725 2030 817 2091 ardua
838 2030 948 2092 montis

132 2114 171 2175 ite
193 2115 312 2176 simul.“
335 2124 441 2195 parent
462 2114 549 2176 ambo
572 2114 745 2195 baculisque
767 2114 852 2176 levati

133 2198 270 2262 nituntur
290 2198 381 2278 longo
403 2198 526 2279 vestigia
548 2217 663 2279 ponere
684 2199 770 2260 clivo.

217 2285 344 2346 Tantum
367 2284 489 2346 aberant
510 2301 639 2358 summo,
662 2295 805 2364 quantum
828 2284 919 2346 semel
940 2284 983 2347 ire
1005 2288 1109 2369 sagitta
1165 2298 1208 2349 aas

132 2368 219 2430 missa
242 2378 356 2450 potest:
379 2368 488 2431 flexere
509 2369 615 2431 oculos
637 2379 667 2430 et
686 2387 782 2432 mersa
806 2369 913 2450 palude

132 2463 230 2515 cetera
254 2454 451 2536 prospiciunt,
474 2463 590 2516 tantum
612 2473 665 2517 sua
687 2464 763 2516 tecta
785 2473 912 2516 manere.

132 2539 261 2620 dumque
283 2558 317 2601 ea
338 2539 495 2611 mirantur,
517 2540 590 2601 dum
611 2538 722 2600 debent
744 2540 800 2601 iata
831 2557 962 2613 snorum,

132 2623 180 2684 illa
203 2633 296 2696 vetus,
319 2624 448 2686 dominis
470 2625 559 2686 etiam
581 2642 649 2687 casa
672 2643 758 2704 parra
780 2624 897 2686 duobus

130 2708 253 2770 vertitur
274 2709 306 2770 in
329 2710 491 2791 templum:
515 2710 615 2771 turcas
636 2709 754 2771 subiere
781 2708 947 2784 columnae,
1165 2720 1209 2769 tot)

131 2794 272 2855 stramina
295 2794 459 2857 flavescunt
481 2804 643 2874 aurataque
668 2805 743 2855 tecta
768 2794 905 2855 videntur

131 2877 315 2959 caelataeque
337 2881 418 2941 tores
439 2880 640 2962 adopertaque
663 2897 810 2940 marmore
833 2879 929 2941 tellus.

199 3050 249 3099 oto
274 3017 404 3099 uotudntta
426 3046 452 3098 hl
480 3051 557 3099 ouius
578 3050 607 3097 in
632 3062 719 3111 marg.
743 3047 830 3098 adeor,
853 3052 908 3097 ert:
932 3046 1072 3099 redolentia
1095 3063 1112 3098 a
1135 3063 1169 3099 m.
1193 3051 1208 3099 6

131 3113 229 3166 olencia
258 3111 273 3165 l
358 3119 408 3168 otu
436 3116 532 3168 totiens
561 3116 582 3165 A
636 3115 799 3180 (exhaustum
827 3116 921 3168 totiens
948 3120 987 3180 a),
1016 3117 1210 3168 commendavit

862 3212 868 3247 t

130 3250 163 3300 Ι).
183 3251 319 3313 lleinsiur5
338 3251 457 3317 quotiens
476 3251 516 3302 od.
530 3250 633 3301 Aldina
703 3253 750 3302 681
771 3250 928 3303 είῑοηίυν-
940 3255 1034 3318 pavent
1052 3255 1071 3309 tt
1090 3267 1125 3302 aa:
1142 3255 1166 3313 s)
1182 3249 1208 3302 bl

131 3321 180 3370 683
198 3321 317 3383 omiseras,
335 3323 363 3368 a'n
376 3334 463 3383 marg.
476 3319 587 3371 additur
605 3318 629 3370 Μ
684 3323 773 3370 cursui
785 3323 843 3382 693,
862 3323 938 3370 cuius
957 3321 1010 3370 trio
1023 3320 1116 3370 ultimo
1129 3322 1209 3370 uerba

130 3402 146 3435 o
164 3400 198 3436 m.
216 3388 231 3435 d
251 3387 348 3437 lineola
365 3388 477 3437 inducto
495 3388 583 3438 deleto
600 3393 673 3452 runt,
690 3404 707 3438 α
723 3391 834 3439 manat!
853 3389 919 3438 baec
935 3393 998 3438 orant
1013 3391 1210 3453 superscripto.-

130 3460 155 3504 et
174 3452 214 3504 du'
234 3453 283 3517 [dis
296 3456 320 3518 ς]
339 3453 355 3521 qi
371 3454 471 3513 contib,
489 3455 565 3507 ambo
578 3454 664 3508 hlebra
683 3455 771 3507 leuant
788 3455 879 3508 boculi·
898 3455 989 3522 tardtq·
1009 3455 1110 3514 sedilib,
1128 3455 1209 3520 annis,

130 3524 239 3586 quaein
252 3541 266 3577 ς
279 3524 530 3588 quoqueleguntur.
557 3522 784 3575 destitutura-cm
797 3526 934 3576 tectionem
945 3524 1069 3574 Heinsius
1113 3526 1209 3590 ssssq.

129 3592 158 3638 in
171 3605 283 3654 oreorg.e
301 3593 366 3640 hoec
383 3593 477 3642 babet:
496 3592 573 3644 missa
594 3599 688 3659 potest.
719 3593 812 3644 flexere
831 3592 920 3644 oeulos
937 3600 963 3642 et
975 3591 1103 3657 inhospita
1121 3592 1207 3653 tecta!

130 3672 210 3709 mersa
229 3658 317 3710 vident
341 3666 520 3727 quaeruntque
544 3659 588 3711 nbi
608 3661 660 3712 sint
683 3661 724 3728 pia
749 3661 857 3713 culmina
881 3661 965 3713 sillae.
1036 3659 1134 3711 Eodem
1151 3660 1210 3719 foro

130 3722 278 3793 [queruntqt
297 3721 343 3779 sut
364 3727 414 3794 pia]
433 3744 451 3778 o
468 3744 533 3780 voce
544 3743 627 3780 mersa
645 3731 675 3778 a'rr
687 3744 775 3794 nrorg.
787 3728 811 3780 nt
830 3746 847 3779 o
862 3732 952 3794 primo
964 3743 1045 3778 manu
1062 3731 1152 3794 eisque
1163 3728 1210 3779 od·

130 3795 236 3844 iuncto:
254 3795 309 3845 sola
323 3796 381 3848 loco
400 3796 504 3848 stabant
522 3797 582 3848 durn
602 3795 698 3848 deflent
714 3796 765 3848 iata
780 3813 882 3849 suorum
935 3800 985 3852 696
1004 3799 1069 3849 latta
1082 3795 1105 3847 ll
1160 3799 1206 3848 tut

130 3870 272 3929 ornataque
290 3861 305 3914 l
374 3864 454 3914 buius
477 3870 503 3915 ot
522 3868 647 3931 proxima·
664 3881 755 3916 cerem
773 3866 826 3916 duo
843 3865 892 3918 ult.
912 3869 990 3917 corda
1008 3857 1080 3916 tuter
1095 3881 1123 3915 re
1140 3879 1210 3915 cora·

130 3932 336 3981 artatam-unte
372 3948 442 3984 corr.
463 3934 587 3984 Heinsius
674 3934 735 3984 Post
753 3936 836 3986 tota
859 3936 924 3984 hoec
949 3936 1044 3986 hahet:
1069 3931 1228 3990 eopequum
