2692 4230
131 99 191 162 110
583 105 745 161 METAMM.

128 295 198 355 ergo
220 278 290 339 dum
313 278 415 359 Stygio
437 277 494 340 sub
515 276 603 337 terris
623 276 741 354 gurgite
762 277 856 350 labor,
874 356 877 361 .

127 361 186 424 visa
208 371 258 425 tua
281 374 325 425 est
345 363 441 424 oeulis
463 359 524 421 illic
544 358 721 439 Proserpina
745 364 869 425 nostris:

125 447 174 508 illa
197 448 316 529 quidem
339 447 432 510 tristis
454 461 552 522 neque
572 443 669 504 adhuc
690 444 824 509 interrita
845 449 938 523 vultu,

125 534 176 594 sed
198 533 300 612 regina
322 541 431 602 tamem
453 528 504 588 sed
527 526 611 608 opaci
632 529 757 589 maxima
779 535 890 607 mundi,

124 618 175 678 sed
198 627 295 679 tameu
317 614 427 677 interni
450 611 565 692 pollens
586 623 719 676 matrona
742 618 890 695 tyranni.“

207 702 300 763 Mater
321 698 356 761 ad
379 697 494 759 auditas
515 698 630 778 stupuit
650 717 704 761 eeu
727 717 812 760 saxea
833 720 920 764 uoces

122 787 320 866 attonitaeque
342 783 394 843 diu
416 780 522 843 similis
543 783 607 845 luit.
649 794 742 865 utque
762 782 864 845 dolore

120 871 204 952 pulsa
227 869 306 947 graui
329 869 425 945 grauis
447 875 492 929 est
512 869 649 942 amentia,
670 868 808 931 curribus
828 887 914 931 auras

121 955 180 1016 exit
200 955 231 1015 iu
254 952 407 1014 aetherias.
451 951 492 1014 ibi
513 961 577 1015 toto
600 955 699 1018 nubila
720 953 802 1016 vultu

121 1047 189 1101 ante
211 1038 307 1097 lovem
331 1037 426 1116 passis
448 1038 530 1102 stetit
550 1040 692 1104 invidiosa
714 1038 830 1120 capillis

123 1125 217 1204 „pro“
241 1140 299 1201 que
322 1139 408 1197 „meo
431 1124 498 1186 reni
519 1126 646 1208 supplex
667 1126 731 1200 tibi,
753 1123 917 1205 luppiter“‚
940 1124 1038 1206 inquit

123 1206 287 1285 „sauguine
309 1225 424 1287 proque
444 1218 507 1272 tuo.
550 1211 576 1274 sl
599 1211 677 1274 nulla
700 1221 746 1274 est
765 1209 857 1291 gratia
878 1209 989 1283 matris,

121 1298 187 1352 nata
210 1299 322 1372 patrem
344 1304 470 1371 moueat,
493 1314 551 1358 neu
574 1297 612 1359 sit
633 1296 686 1358 tibi
708 1315 789 1370 curo,
811 1310 977 1377 precamur,

119 1375 205 1436 vilior
227 1376 316 1453 illius,
338 1380 418 1459 quod
440 1390 543 1442 nostro
566 1389 610 1442 est
631 1381 707 1442 edita
729 1389 825 1463 partu·
878 1443 880 1447 ,

120 1480 157 1522 eu
181 1463 312 1541 quaesita
333 1464 384 1525 diu
406 1465 523 1527 taudem
545 1465 617 1527 mihi
641 1475 707 1527 nata
728 1474 843 1547 reperta
865 1473 919 1538 est,

120 1546 144 1607 si
167 1549 297 1627 reperire
318 1567 405 1610 rocas
426 1550 561 1611 amittere
581 1551 700 1624 certius,
722 1559 773 1611 aut
794 1550 819 1610 si

119 1630 205 1707 scire,
229 1632 348 1707 ubisit,
370 1634 502 1713 reperire
522 1652 618 1693 vocas.
661 1634 740 1713 quod
763 1643 856 1712 rapta,
877 1633 1017 1706 feremus,

119 1715 277 1777 dummodo
300 1717 399 1778 reddat
422 1735 505 1777 eam:
528 1718 726 1797 nequeenim
748 1718 1022 1798 praedonemarito

118 1801 176 1861 lilia
199 1801 286 1880 digua
309 1811 358 1862 tua
380 1811 435 1875 est,
457 1802 482 1863 si
505 1801 562 1862 iam
584 1819 648 1862 mea
669 1802 729 1862 utta
752 1821 811 1863 non
835 1804 908 1862 est.“

118 1885 250 1965 Iuppiter
272 1885 388 1966 excepit
412 1904 590 1962 „commune
612 1896 656 1948 est
676 1887 785 1968 pignus
806 1904 942 1966 onusque

119 1980 185 2032 nata
207 1970 278 2031 mihi
301 1979 409 2032 tecum,
453 1972 504 2033 sed
527 1972 661 2033 simodo
684 1971 803 2033 nomina
825 1970 914 2032 rebus

117 2055 223 2116 addere
245 2074 310 2116 vera
334 2055 439 2137 placet,
463 2076 524 2119 uon
547 2058 604 2119 hoc
625 2057 732 2119 iniuria
754 2056 872 2129 lactum,

117 2159 218 2201 rerum
240 2158 323 2202 amor
344 2151 402 2215 est;
427 2161 523 2223 neque
545 2141 599 2203 erit
622 2142 709 2203 nobis
730 2160 822 2221 gener
842 2141 892 2202 ille
914 2140 1030 2220 pudori,
1051 2216 1057 2228 ι

117 2236 149 2287 tu
171 2226 269 2298 modo,
293 2225 366 2300 dira,
390 2225 469 2288 velis.
513 2237 547 2289 ut
569 2227 665 2289 desint
686 2238 793 2300 cetera,
815 2235 957 2306 quantum
980 2234 1023 2286 est

117 2329 180 2372 esse
201 2310 276 2371 lovis
298 2311 432 2373 iratreml
456 2312 590 2393 —quid
614 2312 691 2393 quod
716 2330 777 2373 non
798 2323 895 2372 cetera
915 2312 1023 2372 desunt

116 2413 172 2456 uec
193 2395 271 2457 cedit
293 2395 350 2456 nisi
372 2406 452 2458 sorte
474 2397 556 2459 mihi.
599 2398 649 2458 sed
672 2407 751 2459 tanta
774 2397 881 2476 cupido

116 2480 140 2542 si
164 2479 216 2541 tibi
238 2480 352 2542 discidii
374 2492 429 2556 est,
452 2493 564 2564 repetet
585 2482 762 2563 Proserpina
785 2482 908 2554 caelum,

116 2565 180 2643 lege
202 2576 301 2626 tamen
323 2577 412 2640 certa,
434 2569 458 2629 si
483 2568 580 2630 nullos
601 2568 725 2647 contigit
747 2566 806 2627 illio

116 2668 167 2711 ore
188 2649 287 2711 cibos:
311 2669 377 2712 nam
401 2653 444 2714 sie
465 2652 624 2714 Parcarum
646 2653 765 2714 loedere
786 2663 904 2713 cautum
928 2653 1001 2712 est.“

201 2735 326 2796 [linerat.
369 2747 398 2796 at
420 2737 518 2799 Cereri
540 2749 652 2800 certum
675 2749 719 2799 est
740 2738 865 2798 educere
888 2745 994 2797 natam

116 2839 175 2881 nou
199 2821 237 2881 ita
260 2821 316 2881 lata
338 2822 451 2894 sinunt,
473 2823 611 2903 quoniam
634 2822 743 2884 ieiunia
764 2823 846 2900 virgo

114 2905 239 2967 solverat
261 2916 299 2980 et,
321 2906 408 2968 cultis
430 2908 500 2969 dum
524 2908 647 2989 simplex
668 2917 746 2970 errat
768 2909 797 2967 in
821 2907 923 2979 hortis,

28 3047 31 3053 .
114 2992 273 3071 puniceum
296 3010 384 3054 curua
406 2992 592 3074 decerpserat
613 2993 720 3055 arbore
741 3010 862 3073 pomum

113 3088 289 3157 sumptaque
311 3076 432 3157 pallenti
454 3089 567 3158 septem
589 3073 626 3140 de
647 3077 758 3140 cortice
778 3095 869 3156 grana

113 3171 258 3240 presserat
281 3179 333 3222 ore
355 3181 419 3223 sno.
464 3163 604 3245 solusque
626 3182 661 3226 ex
682 3162 822 3224 omuibus
842 3160 912 3222 illud

113 3246 292 3327 Ascalaphus
314 3246 394 3321 uidit,
418 3266 506 3328 quem
529 3249 675 3329 quondam
698 3247 806 3308 dicitur
828 3244 960 3326 Orphne,
993 3266 999 3273 ·
1240 3314 1245 3324 ¹

112 3330 190 3392 iuter
211 3330 367 3394 Auernales
390 3333 466 3394 haud
489 3332 670 3411 ignotissima
693 3333 845 3413 nymphas,
1142 3335 1185 3386 tto

180 3514 526 3568 uuoutaudita-voeett
577 3519 625 3569 511
639 3515 944 3568 onomathoteram
997 3513 1047 3564 oto
1061 3509 1184 3578 sparsior

111 3585 161 3639 tto
179 3599 211 3636 ne
229 3580 296 3635 sill
347 3585 396 3635 512
415 3582 461 3636 sed
479 3583 560 3636 ianus
611 3587 660 3637 52³
678 3585 812 3652 honosque
824 3581 848 3634 tt
880 3585 918 3642 tin
935 3596 1024 3645 marg.
1042 3575 1183 3646 onusque]

111 3721 161 3774 stt
185 3681 299 3785 nt‘t’smina
322 3721 370 3783 (er.
393 3722 421 3784 u)
443 3716 469 3769 ll
536 3721 587 3772 529
611 3715 722 3773 cedetl
789 3722 839 3772 5³6
861 3720 1014 3786 poeniceum
1037 3714 1063 3767 ll
1133 3715 1182 3768 5³9

109 3788 223 3913 ppppipnp
240 3786 286 3838 Μ2
303 3786 379 3851 (hene
396 3790 415 3839 ι’.
431 3790 467 3853 r.)
500 3784 614 3855 orphei
646 3788 757 3842 homer
809 3791 855 3840 511
876 3790 945 3852 situ]
963 3785 1082 3838 sursise
1134 3782 1182 3836 snb
