2692 4230
164 132 282 172 stonense
604 114 645 181 Vl,
667 115 806 169 roo-223.

165 291 317 373 multaque
339 300 371 371 ut
395 288 508 368 eripiat,
532 287 624 349 multo
647 288 718 351 mihi
741 285 825 371 plura
848 287 1005 365 relinquet.

166 395 317 440 excessere
339 383 449 436 metum
472 390 536 432 mea
559 373 616 435 iam
638 373 725 436 bona.
769 373 871 453 tingite
893 371 970 433 demi

165 462 235 524 huic
256 461 367 541 aliquid
390 456 502 538 populo
526 468 663 521 natorum
685 477 773 540 posse
795 476 941 532 meorum,

98 548 109 566 ⁴
165 566 226 609 nou
249 557 346 609 tamen
370 543 406 604 ad
429 560 585 605 numerum
608 544 723 624 redigar
744 542 869 623 spoliata
891 544 1028 616 duorum,

165 630 295 693 Latonae
318 626 450 688 turbam:
474 647 532 707 qua
554 640 701 711 quantum*
718 627 806 688 distat
827 627 864 688 ab
887 625 980 689 orba?

163 717 214 790 ite,
237 715 317 787 satis,
340 730 467 792 propere
489 714 538 789 ite,
561 716 635 776 sacri
659 719 704 774 est
724 710 899 791 laurumque
922 711 1035 792 capillis

164 788 284 881 ponite.³
332 797 488 877 deponunt
509 810 538 861 et
560 817 641 862 sacra
664 796 770 856 inlecta
792 796 978 875 relinquunt,

165 883 304 964 quodque
326 881 404 957 licet,
427 885 516 946 tacito
538 889 715 945 venerantur
737 897 887 940 murmure
910 898 1031 941 numen.

249 966 405 1045 Indignata
428 970 481 1030 dea
503 979 545 1030 est
569 982 745 1044 summoque
768 964 798 1025 in
821 964 929 1025 vertice
951 963 1056 1044 Cynthi

164 1050 272 1112 talibus
294 1062 338 1113 est
360 1053 445 1115 dictis
468 1054 584 1133 gemina
608 1067 674 1111 cum
697 1049 783 1128 prole
805 1048 920 1111 locuta:

160 1129 211 1196 ‘en
236 1155 290 1216 ego
314 1146 407 1200 vestra
429 1157 547 1218 parens,
569 1133 652 1195 vobis
674 1134 814 1197 animosa.
828 1135 943 1209 creatis,

163 1229 193 1282 et
215 1221 272 1283 nisi
295 1222 404 1284 lunoni
427 1222 501 1284 nulli
524 1238 643 1281 cessura
664 1220 795 1293 dearum,

163 1325 200 1368 au
224 1307 278 1368 dea
301 1307 356 1368 sim
378 1307 498 1368 dubitor
521 1322 632 1386 perque
655 1306 754 1367 omnia
776 1303 892 1367 saecula
914 1305 1002 1366 cultis

163 1410 277 1467 arceor,
301 1411 318 1453 o
342 1393 412 1466 nati,
435 1391 492 1452 nisi
515 1408 566 1451 vos
589 1391 770 1464 succurritis,
792 1390 861 1451 aris.

163 1495 219 1538 nec
241 1477 327 1538 dolor
348 1476 397 1536 hic
419 1474 516 1536 solus:
539 1475 603 1537 diro
627 1475 759 1537 convicia
783 1474 858 1535 lacto

162 1560 292 1623 Tantalis
314 1559 422 1621 adiecit
443 1578 554 1641 rosque
576 1569 621 1622 est
643 1570 824 1640 postponere
847 1557 922 1620 natis

163 1664 233 1707 ausa
256 1644 327 1718 suis,
351 1653 380 1705 et
402 1662 459 1719 me,
482 1647 560 1726 quod
584 1646 614 1706 in
639 1647 732 1724 ipsam
754 1643 891 1722 reccidat,
915 1640 1015 1704 orbam

162 1730 234 1791 dixit
257 1738 286 1790 et
308 1729 441 1791 exhibuit
461 1729 592 1809 linguam
616 1727 756 1791 scelerata
778 1719 950 1810 paternam.³

161 1814 311 1876 adiectura
333 1832 438 1894 preces
460 1825 522 1876 erat
543 1815 590 1876 his
612 1813 724 1875 Latona
745 1813 861 1876 relatis:

158 1891 274 1960 ‘desine
283 1893 300 1959 l‘
324 1898 464 1961 Phoebus
486 1900 542 1962 ait:
562 1893 692 1981 ‘poenae
712 1916 794 1961 mora
816 1897 904 1977 longa
926 1895 1057 1978 querella
1080 1891 1141 1959 est.³

161 1984 234 2046 dixit
256 1984 334 2046 idem
357 1984 493 2046 Phoebe:
516 1984 665 2065 celerique
686 2002 741 2065 per
761 1993 828 2046 altra
850 1982 935 2063 lapsu

162 2070 351 2149 contigerant
372 2070 441 2130 tecti
465 2070 619 2130 Cadmetda
644 2067 773 2130 nubibus
794 2086 901 2129 arcem.

162 2153 270 2234 planus
292 2163 355 2214 erat
377 2150 621 2233 lateque'patens
643 2170 737 2233 prope
759 2152 876 2214 moenia
899 2160 1030 2231 campus,

162 2239 291 2298 adsiduis
314 2237 447 2318 pulsatus
470 2238 563 2318 equis,
584 2237 637 2299 ubi
659 2237 744 2300 turba
766 2247 897 2300 rotarum

161 2323 295 2402 duraque
318 2321 464 2383 mollierat
486 2323 633 2384 subiectas
654 2323 767 2402 ungula
789 2321 915 2402 glaebas.

160 2426 229 2489 pars
252 2407 292 2469 ibi
316 2406 352 2468 de
375 2416 489 2488 septem
512 2409 619 2488 genitis
641 2409 809 2488 Amphione
830 2409 922 2469 fortes

162 2493 369 2554 conscendunt
391 2493 421 2553 in
446 2512 539 2574 equos
561 2493 709 2575 Tyrioque
732 2493 868 2555 rubentia
889 2509 961 2553 suco

162 2589 242 2657 terga
266 2587 408 2658 premunt
429 2597 561 2659 auroque
583 2578 685 2658 graves
707 2578 899 2640 moderantur
920 2575 1059 2638 habenas.

231 2780 278 2831 197
299 2778 417 2844 stringite
434 2777 477 2829 Μι
530 2796 599 2831 corr.
617 2779 661 2832 Μ’
724 2781 775 2832 200
788 2784 852 2845 port
870 2780 919 2830 203
938 2776 968 2841 Α,
987 2778 1155 2841 transposuit
1174 2773 1239 2825 Gro-

160 2935 257 2982 novius
301 2930 428 2983 turbaoB
474 2932 561 2983 turbae
578 2929 593 2982 l
611 2935 636 2998 (o
655 2936 673 2985 l.
691 2933 724 2996 r.)
769 2931 871 2997 turbalff
888 2928 913 2980 bl
959 2859 1080 2980 trlrrbgme
1133 2943 1198 2995 qnae
1217 2928 1238 2978 Α

160 3016 170 3068 l
184 3032 249 3084 quae
262 3020 386 3084 quantum
399 3016 477 3068 distat

181 3090 304 3152 quantum
323 3085 437 3135 distabat
489 3103 514 3144 e;
534 3085 633 3134 entered.
648 3083 759 3151 Bentley
813 3087 859 3136 201
881 3082 1017 3168 00330ίο0
1033 3096 1141 3149 propere
1159 3079 1237 3131 sacris

947 3174 958 3205 2

160 3235 301 3286 aurumque
314 3218 339 3269 bl
384 3220 419 3271 ite
437 3221 500 3272 satis
518 3233 626 3287 propere
639 3219 751 3271 sacrisrl
798 3222 836 3280 (in
849 3218 869 3269 B
883 3218 946 3270 satis
958 3222 976 3268 ι’.
989 3236 1011 3268 r.
1025 3222 1053 3268 r'n
1066 3233 1119 3284 qna
1132 3217 1240 3266 videtur·

159 3287 243 3348 fuisse
261 3292 342 3352 sacer)
408 3289 451 3352 ite,
470 3293 510 3339 sat
528 3296 575 3348 est,
594 3303 701 3355 propere
720 3288 763 3349 ite,
782 3287 845 3339 sacri
864 3289 933 3338 coni.
952 3287 1037 3337 Bolbe
1100 3285 1144 3347 ite,
1167 3284 1238 3347 satis,

161 3371 269 3423 propere
282 3357 325 3419 ite,
339 3356 402 3407 sacri
416 3360 456 3407 est
468 3360 537 3406 coni.
547 3357 637 3421 Harrpt
673 3356 707 3407 ite
718 3359 768 3413 (sat
779 3359 828 3418 cst)
842 3369 949 3422 propere
963 3370 976 3405 a
989 3355 1067 3406 sacris
1082 3356 1115 3404 ct.
1126 3352 1237 3416 Madvig

161 3424 263 3476 iniectis
282 3428 416 3491 properate
433 3425 512 3475 sacris
533 3423 644 3484 Withof
690 3424 791 3475 insectis
810 3438 918 3491 propere
937 3423 972 3474 ite
990 3423 1069 3474 sacris
1095 3422 1157 3473 olim
1176 3436 1238 3471 con-

161 3495 213 3542 ieci
259 3507 400 3558 aurumque
418 3491 443 3542 lll
496 3494 546 3544 202
565 3492 710 3559 iniectaque
728 3508 799 3544 sacra
818 3495 852 3544 ri.
870 3492 959 3542 Heinr.
1011 3494 1061 3543 203
1079 3487 1237 3557 quollqucss

161 3644 293 3708 (erased)
347 3574 571 3697 ldblgggiiisxbl
624 3646 673 3696 212
691 3644 827 3696 decidatn
844 3574 994 3696 l(liegidate
1046 3645 1095 3695 220
1114 3642 1236 3708 duraqzjiil

159 3711 476 3781 —flglebaslgeacilll
529 3714 578 3764 222
598 3727 648 3778 que
666 3708 744 3764 omi
796 3715 845 3767 223
865 3729 926 3765 auro
945 3711 1056 3778 grauidis
1075 3709 1238 3763 moderantur

151 3866 268 3918 ⁴lrabenis
286 3867 307 3917 Α
360 3880 383 3918 a.
403 3796 521 3930 gravildalrs
539 3881 572 3917 rn.
590 3814 704 3917 habentis
722 3883 735 3915 a
