2692 4230
131 182 256 222 munuum
269 183 389 268 pontumal
562 165 625 233 lllll,
643 167 770 220 tlt-tte.
1141 165 1199 229 281

131 358 215 421 spem
238 342 326 404 uestri
347 339 469 402 reditus.
513 338 579 400 date
601 357 656 420 pro
679 348 723 401 tot
744 336 867 401 naribus
888 353 978 399 amna.

132 427 212 506 quod
234 427 259 488 si
281 443 348 487 vera
369 423 440 484 licet
460 421 535 483 mihi
557 424 664 500 dicere,
687 423 839 505 quaeritur
859 421 933 497 istis,
1170 434 1204 492 to,

131 528 220 591 quam
242 510 326 585 mihi,
348 506 442 568 maior
463 506 572 582 honos,
593 511 813 590 coniunctaque
833 506 927 589 gloria
948 517 1048 568 nostra
1068 519 1123 582 est,

129 603 221 676 atque
241 595 315 657 Aiax
336 590 434 665 armis,
458 610 521 655 non
543 594 623 656 Aiaci
645 612 724 656 arma
745 604 897 674 petuntur.

132 681 266 742 conterat
286 677 333 738 his
355 675 475 739 Ithacus
497 677 627 740 Rhesum
650 677 849 759 inbellemque
871 677 986 740 liolona

130 762 358 840 Priamidenque
380 761 527 824 Helenum
548 773 633 843 rapta
655 779 722 822 cum
744 761 861 824 Pallade
882 773 1018 844 captum:

130 849 198 910 luce
220 843 295 909 nihil
317 854 443 925 gestum,
466 846 541 908 nihil
563 855 606 908 est
627 844 769 906 Diomede
790 858 914 910 remoto.
1159 853 1201 904 100

131 933 155 994 si
178 928 270 992 semel
292 929 348 993 ista
370 932 445 994 datis
466 931 581 992 meritis
602 940 661 991 tam
684 929 790 991 vilibus
810 949 900 1004 arma,

130 1015 260 1089 dividite,
283 1025 312 1078 et
332 1036 403 1098 pars
423 1017 464 1078 sit
486 1015 579 1076 maior
600 1014 749 1076 Diomedis
770 1015 801 1075 in
824 1014 892 1076 illis.

131 1117 190 1180 quo
213 1108 311 1163 tamen
334 1103 407 1164 haec
428 1101 540 1172 Ithaco,
564 1099 614 1181 qui
636 1099 720 1178 clam,
744 1100 795 1181 qui
816 1117 933 1182 semper
954 1100 1074 1162 inermis

130 1202 193 1246 rem
215 1186 292 1266 gerit
313 1197 343 1248 et
364 1185 451 1247 furtis
472 1184 625 1247 incautum
646 1185 756 1267 decipit
776 1183 916 1247 hostem?

130 1269 195 1351 ipse
217 1272 297 1334 nitor
318 1270 417 1351 galeae
439 1269 520 1332 claro
543 1271 683 1333 radiantis
703 1270 740 1331 ab
761 1288 834 1332 auro

130 1354 252 1418 insidias
273 1356 381 1438 prodet
400 1354 657 1434 manifestabitque
679 1355 830 1417 latentem.

130 1440 182 1501 sed
204 1460 303 1521 neque
324 1440 479 1502 liulichius
501 1439 556 1501 sub
579 1438 700 1500 Achillis
720 1439 833 1501 casside
854 1447 953 1501 vertex

130 1525 263 1605 pondera
286 1534 365 1586 tanta
387 1525 472 1597 leret,
495 1541 634 1586 necnon
658 1540 782 1585 onerosa
804 1523 958 1605 gravisque

131 1609 226 1672 Pelias
246 1609 329 1670 hasta
351 1616 451 1688 potest
471 1607 632 1671 inbellibus
654 1627 717 1670 esse
738 1607 866 1684 lacertis,

132 1711 187 1755 nec
209 1692 323 1773 clipeus
344 1693 415 1754 uasti
438 1693 568 1757 caelatus
592 1695 718 1774 imagine
738 1694 843 1756 mundi

131 1777 288 1839 conveniet
309 1777 429 1839 timidae
451 1787 598 1859 nataeque
619 1780 655 1840 ad
678 1780 752 1841 iurta
775 1779 922 1842 sinistrae.

131 1861 351 1924 debilitaturum
375 1862 446 1944 quid
467 1873 497 1926 te
519 1864 606 1945 petis,
628 1863 765 1944 inprobe,
786 1860 918 1926 munus?

131 1947 210 2027 quod
234 1946 286 2009 tibi
309 1947 334 2008 si
356 1947 460 2029 populi
483 1948 635 2011 donaverit
657 1967 739 2011 error
760 1949 873 2024 Achivi,

129 2049 183 2093 cur
204 2032 353 2112 spolieris,
375 2032 441 2107 erit,
463 2051 525 2094 nou
549 2051 603 2095 cur
624 2033 765 2096 metuaris
786 2033 822 2095 ab
845 2035 941 2108 hoste,

129 2125 158 2178 et
180 2117 260 2196 luga,
282 2135 341 2198 qua
362 2116 425 2178 sola
447 2127 583 2191 cunctos,
603 2117 795 2192 timidissime,
817 2117 921 2189 vincis,

129 2201 209 2263 tarda
232 2200 332 2263 lutura
354 2201 408 2262 tibi
431 2211 476 2264 est
497 2202 660 2282 gestamina
682 2212 761 2264 tanta
784 2202 922 2265 trahenti.

129 2285 203 2347 adde
225 2286 304 2367 quod
327 2287 382 2348 iste
404 2297 484 2362 tuus,
507 2297 566 2349 tam
587 2306 654 2349 raro
677 2288 790 2368 proelia
811 2305 926 2370 passus,

130 2371 246 2450 integer
268 2380 315 2433 est
336 2370 461 2451 clipeus.
505 2383 620 2442 nostro,
644 2373 695 2453 qui
718 2372 775 2434 tela
796 2372 919 2434 terendo

130 2454 210 2516 mille
231 2465 313 2536 patet
335 2454 438 2536 plagis,
461 2475 557 2519 norus
578 2467 622 2518 est
644 2475 798 2518 successor
817 2456 982 2519 habendus.

129 2539 270 2619 denique,
293 2540 363 2621 quid
386 2539 484 2603 verbis
505 2561 582 2624 opus
603 2539 670 2603 esti
693 2575 731 2586 -
756 2550 925 2622 spectemur
946 2538 1075 2620 agendol

130 2642 210 2686 arma
231 2625 285 2685 viri
309 2625 393 2686 lortis
414 2626 528 2688 medios
550 2627 705 2688 mittentur
726 2626 757 2687 in
780 2627 897 2688 hostes:

131 2709 200 2771 inde
222 2709 323 2771 iubete
344 2711 405 2790 peti
427 2721 458 2772 et
478 2712 655 2773 referentem
679 2721 782 2773 ornate
804 2706 923 2773 relatis?

216 2794 348 2856 Finierat
368 2793 530 2857 Telamone
551 2806 631 2859 satus
652 2796 791 2876 vulgique
812 2806 946 2858 secutum

130 2878 233 2940 ultima
255 2897 390 2941 murmur
411 2890 486 2954 erat,
508 2881 603 2943 donec
625 2881 759 2943 Laertius
782 2881 871 2943 heros

131 2963 244 3026 adstitit
265 2964 480 3043 atque'oculos
501 2966 621 3046 paulum
646 2965 750 3028 tellure
772 2977 902 3029 moratos

131 3047 251 3110 sustulit
272 3048 308 3110 ad
330 3067 471 3130 proceres
493 3061 720 3132 exspectatoque
743 3052 862 3113 resolvit

132 3152 183 3194 ora
205 3150 291 3195 sono.
336 3152 433 3215 neque
455 3134 539 3196 abest
560 3136 697 3197 lacundis
718 3137 811 3215 gratia
833 3136 928 3198 dictis.

129 3213 167 3280 ‘si
190 3237 254 3280 mee
278 3237 345 3280 cum
368 3219 474 3281 vestris
495 3219 656 3281 valuissent
678 3231 753 3292 rota,
776 3220 900 3301 Pelasgi,

133 3321 194 3363 non
217 3303 473 3384 ioret‘ambiguus
495 3305 567 3366 tanti
591 3306 760 3366 certaminis
781 3307 877 3379 heres,

132 3423 336 3434 ..-...-——--

1149 3380 1165 3416 o

1116 3416 1206 3489 quorn'

200 3492 234 3544 94
252 3504 312 3558 spes
330 3486 357 3541 Μ
409 3493 449 3541 tot
466 3490 615 3556 proHeinr,
667 3493 699 3543 05
718 3488 971 3557 rerba-qnaeritis
987 3486 1013 3539 Μ
1064 3489 1097 3540 90
1115 3488 1157 3555 qui

131 3556 252 3611 michill
305 3557 422 3610 lionorh
479 3559 512 3610 98
530 3557 630 3610 ithacus
647 3560 688 3621 (us
707 3574 742 3608 ea·
758 3555 855 3619 umllll
915 3559 964 3609 100
982 3570 1089 3624 qnorum
1106 3555 1206 3607 luce-

133 3633 258 3678 remotum
273 3624 299 3677 Μ
353 3629 399 3679 101
420 3625 443 3679 si
462 3631 580 3677 tamen·
634 3627 680 3677 102
699 3623 829 3677 Diomedis
846 3625 956 3677 maiora
1010 3627 1056 3677 103
1074 3623 1134 3690 quid
1153 3621 1205 3675 tn

136 3782 182 3832 108
202 3782 259 3842 nec]
278 3778 324 3831 sed
341 3778 367 3831 Μ
429 3781 477 3832 110
496 3719 630 3831 cppptrppus
648 3777 673 3829 ll
732 3778 880 3835 caelatus:
931 3774 1119 3843 salvaremur,
1137 3778 1165 3838 (i.
1184 3791 1205 3824 e.

133 3848 242 3906 relatus)
265 3848 399 3898 Planuder
469 3855 591 3900 conatus
614 3848 678 3897 olim
703 3849 830 3911 teraptuoi
900 3849 946 3899 110
972 3847 1064 3908 novus]
1087 3843 1160 3895 uobis
1180 3839 1206 3892 Μ

136 3917 184 3968 122
201 3914 301 3977 relatis}
319 3912 465 3967 lacertisll
528 3917 575 3966 121
594 3914 698 3983 lgrteius
716 3913 740 3965 Μ
793 3914 934 3966 laertenius
950 3931 966 3963 e
1025 3915 1079 3963 tue
1089 3907 1224 3958 ‘semem
