2692 4230
135 129 219 167 mnan
335 191 337 194 y
560 113 611 179 Vll,
629 115 772 169 att-282.

135 285 366 368 umbrarumque
388 292 471 360 rogat
492 295 575 363 rapta
597 304 663 347 cum
686 285 814 365 coniuge
835 301 945 364 regem,

135 389 172 434 ue
194 380 357 453 properent
378 378 458 429 artus
479 368 575 433 anima
597 370 730 435 fraudare
753 369 847 434 senili.
1164 380 1207 432 250

134 475 210 538 quos
231 456 284 518 ubi
306 452 429 535 placavit
451 455 647 536 precibusque
669 466 698 518 et
719 473 871 517 murmure
892 452 993 533 longo,

133 541 258 603 Aesonis
280 538 400 600 allatum
422 538 546 618 prolerri
569 559 677 622 corpus
699 541 736 601 ad
756 558 842 602 auras

133 625 219 688 iussit
240 634 271 685 ct
291 623 322 683 in
346 621 451 702 plenos
471 626 636 687 resolutum
657 623 788 686 carmine
807 642 940 699 somnos,

133 708 259 771 exanimi
282 706 418 784 similem,
440 710 537 772 stratis
559 708 689 791 porrexit
710 709 740 769 in
763 707 872 770 herbis.
903 748 907 756 =

132 794 203 855 hinc
225 789 331 871 procul
354 793 532 868 Aesoniden,
555 792 659 875 procul
680 792 751 854 hinc
772 790 855 853 iubet
874 791 918 854 ire
939 790 1089 854 ministros
1161 800 1203 851 255

131 886 162 940 et
183 884 285 937 monet
306 879 422 940 arcanis
443 881 545 941 oculos
566 895 714 939 removere
738 877 887 956 profanos.

131 960 292 1038 diffugiunt
313 961 394 1024 iussi.
438 963 532 1044 passis
553 961 653 1023 Medea
675 959 797 1042 capillis,

131 1043 328 1108 bacchantum
348 1048 407 1110 ritu
430 1048 589 1126 flagrantes
612 1046 716 1108 circuit
736 1063 801 1107 aras

130 1129 349 1213 multifidasque
370 1133 448 1194 laces
470 1133 501 1193 iu
524 1132 602 1194 lossa
623 1130 776 1212 sanguinis
798 1140 859 1194 atra

131 1213 241 1295 tinguit
264 1227 294 1279 et
314 1217 437 1279 iniectas
458 1217 584 1296 geminis
605 1217 736 1280 accendit
762 1216 794 1277 in
815 1215 874 1278 aris

131 1306 235 1381 terque
256 1320 358 1362 senem
381 1302 506 1375 llamma,
529 1311 573 1362 ter
595 1321 680 1382 aqua,
703 1312 748 1363 ter
768 1298 912 1382 sulphure
932 1296 1044 1360 lustrat.

129 1383 241 1448 interea
263 1385 391 1448 validum
414 1385 510 1464 posito
535 1385 714 1448 medicamen
737 1395 812 1446 aeno

129 1470 222 1531 servet
243 1479 272 1531 et
295 1468 421 1531 exsultat
442 1470 615 1550 spumisque
636 1468 818 1532 tumentibus
839 1468 925 1532 albet

129 1553 190 1616 illic
213 1553 376 1615 Haemonia
398 1554 511 1616 radices
533 1555 606 1616 valle
626 1564 754 1618 resectas

129 1638 302 1717 seminaque
324 1639 472 1721 doresque
494 1649 524 1702 et
544 1658 632 1702 sucos
653 1639 790 1721 incoquit
809 1657 901 1702 acres.

128 1722 218 1784 adicit
239 1733 372 1784 extremo
394 1723 507 1806 lapides
528 1725 642 1787 oriente
664 1725 774 1806 petitos

129 1817 159 1868 et
181 1826 254 1888 quas
278 1807 390 1870 Oceani
410 1810 537 1871 relluum
558 1827 638 1872 mare
659 1808 728 1872 lauit
748 1810 892 1882 harenas,

128 1891 207 1954 addit
230 1902 260 1954 et
282 1903 419 1974 exceptas
440 1894 510 1956 luna
532 1904 674 1978 pernocte
696 1894 818 1976 pruinas

129 1989 160 2038 et
181 1978 283 2057 strigis
306 1978 431 2040 inlames
453 1979 525 2061 ipsis
546 1999 615 2042 cum
637 1980 776 2042 carnibus
797 1979 858 2042 alas

128 2061 220 2143 inque
241 2063 338 2124 virum
361 2063 438 2125 soliti
460 2064 558 2126 vultus
579 2074 692 2127 mutare
714 2064 826 2126 ferinos

128 2145 259 2226 ambigui
282 2157 416 2227 prosecta
438 2148 517 2230 lupi;
546 2168 601 2211 nec
622 2149 716 2211 deluit
734 2149 796 2210 illic

129 2248 267 2310 squamea
291 2232 429 2314 Cinyphii
452 2235 549 2296 tenuis
570 2235 740 2297 membrana
764 2231 892 2313 chelydri

128 2316 295 2397 vivacisque
317 2319 400 2379 iecur
422 2320 515 2395 cervi3
539 2319 645 2400 quibus
667 2320 790 2400 insuper
810 2317 891 2380 addit

129 2417 181 2462 ora
203 2412 352 2482 caputque
374 2421 479 2465 novem
502 2405 629 2466 cornicis
651 2403 766 2466 saecula
789 2420 901 2484 passae.

128 2485 176 2547 his
198 2497 228 2547 et
249 2485 330 2548 mille
352 2488 415 2549 aliis
437 2498 593 2570 postquam
615 2490 679 2552 sine
701 2487 822 2550 nomine
844 2486 934 2549 rebus

129 2571 316 2652 propositum
338 2572 477 2636 instruxit
497 2574 614 2637 mortali
634 2574 757 2637 barbara
780 2573 884 2648 maius,

129 2655 223 2716 arenti
246 2675 328 2718 ramo
350 2657 523 2738 iampridem
544 2659 622 2720 mitis
643 2659 736 2721 olivae

130 2741 229 2802 omnia
251 2742 387 2803 confudit
408 2744 588 2824 summisque
609 2743 759 2806 inmiscuit
781 2743 849 2804 ima.

128 2844 199 2887 ecce
221 2837 305 2888 vetus
327 2826 420 2889 calido
443 2839 574 2891 versatus
596 2829 687 2910 stipes
708 2839 783 2890 aeno

131 2911 164 2972 lit
185 2911 286 2972 viridis
307 2913 414 2992 primo,
438 2933 493 2974 nec
514 2912 604 2994 longo
626 2926 760 2996 tempore
782 2911 902 2974 frondes

129 2995 226 3057 induit
249 3006 278 3058 et
300 2997 397 3058 subito
420 2999 545 3078 gravidis
568 3009 707 3062 oneratur
730 2997 824 3060 olivis.

128 3090 158 3140 at
181 3099 368 3163 quacumque
390 3102 459 3146 caro
481 3103 600 3165 spumas
622 3085 707 3148 eiecit
727 3095 802 3146 aeuo

296 3230 329 3282 ³²

199 3300 247 3350 251
268 3298 363 3366 placuit
381 3299 407 3352 Μ
476 3304 526 3355 252
544 3301 672 3354 ellellltum
690 3302 716 3353 Μ
771 3302 907 3369 producis
968 3300 994 3353 in
1012 3294 1118 3352 aurasl
1169 3300 1201 3352 ad

129 3380 218 3416 arasa
288 3370 336 3420 255
354 3372 423 3420 ries
474 3370 656 3422 aesonidemll
723 3372 773 3423 256
792 3376 879 3423 monet
896 3371 951 3433 (net
968 3371 985 3420 ι’.
1003 3385 1027 3420 r.
1045 3384 1061 3418 a
1078 3383 1112 3418 m.
1130 3367 1157 3429 3)
1174 3366 1200 3418 Μ

130 3436 177 3486 257
198 3432 328 3500 sparsisl
380 3439 429 3490 266
448 3437 502 3504 iul]
521 3438 642 3491 intinctas
654 3439 743 3490 Heius.
795 3441 845 3491 262
863 3432 1008 3505 posituml
1061 3437 1108 3489 265
1127 3436 1202 3488 semi-

129 3516 216 3568 naque
233 3507 260 3553 et
279 3503 383 3556 lloresa
434 3521 510 3558 sucos
528 3509 568 3568 (co
587 3505 685 3568 trull
736 3506 763 3557 in
782 3503 907 3574 uoquitl.
952 3499 1056 3557 acresl.
1100 3503 1200 3557 atrcsll

130 3571 181 3621 268
198 3572 268 3620 cies
327 3571 423 3624 addidit
441 3589 494 3627 exe.
512 3573 538 3625 M
597 3574 677 3626 adidit
694 3521 783 3627 cxci
838 3573 898 3643 lnuq
916 3572 947 3625 tle
965 3578 1074 3628 noctes
1124 3572 1199 3625 lunae

129 3653 263 3789 gengbbcff,
281 3724 426 3776 emlleins.
490 3728 538 3778 2¹11
552 3725 703 3779 illicHeins.
756 3727 837 3779 illisG
890 3699 954 3778 illis
1012 3674 1199 3791 tldmffluslll

131 3792 235 3849 (nuum
247 3805 277 3842 ae
296 3807 331 3842 aa
342 3806 372 3843 ac
385 3808 490 3843 erasum
501 3797 545 3859 rit,
562 3794 715 3861 dubitatur)
767 3810 859 3848 munus
878 3814 893 3852 ς
944 3795 1063 3848 instruxit
1079 3796 1197 3848 remorari

130 3856 236 3910 Tartara
247 3874 340 3911 munus
350 3863 381 3913 oi.
391 3860 498 3929 lllerlrel,
507 3861 572 3923 tort.
582 3869 652 3916 recte
685 3866 734 3917 281
746 3863 877 3932 gravidlp'is
889 3862 915 3916 Μ
945 3865 994 3916 282
1008 3863 1100 3915 cari—
1108 3862 1198 3916 aeuiM

182 3948 259 3999 ovid,
274 3950 365 3997 Metam.
969 3950 1002 4000 tu
