2692 4230
146 160 235 197 ersus
589 143 631 207 lli,
649 146 791 199 stt-ost.

147 335 239 397 cogor
260 334 410 398 opemque
432 323 513 375 tuam
535 313 647 374 timidis
668 332 828 397 exposcere
848 315 933 375 votis.

145 409 178 463 tu
202 421 317 464 serrare
340 411 435 480 potes,
458 409 489 458 tu
514 399 639 478 perdere
660 400 742 462 solus
763 409 925 463 amantem:

145 486 231 566 elige,
253 496 353 547 utrum
376 483 476 543 iacias.
522 502 581 544 non
606 486 663 546 boc
685 486 802 548 inimica
825 494 972 568 precatur,

119 637 121 641 ,
144 572 195 633 sed
218 584 393 652 quaecum
418 566 470 627 tibi
493 569 531 628 sit
552 570 745 644 iunctissima,
766 571 897 633 iunctior
918 589 982 632 esse

145 657 255 736 expetit
277 665 305 715 et
327 650 426 712 vinclo
449 661 546 715 tecum
570 653 711 734 propiore
733 654 826 734 ligari.

144 740 207 801 iura
230 755 318 798 senes
341 736 442 797 norint
466 738 586 818 etquid
610 739 753 818 liceatque
776 740 916 820 nefasque

144 825 248 903 lasque
270 821 308 883 sit
330 821 482 902 inquirant
504 823 664 902 legumque
686 822 817 882 examina
840 832 973 885 servent:

143 907 325 969 conveniens
348 906 448 968 Venus
469 917 514 969 est
536 906 622 969 annis
644 907 795 967 temeraria
819 908 938 968 nostris.

144 991 214 1072 quid
239 990 336 1061 liceat,
359 993 507 1053 nescimus
529 992 636 1058 adbuc,
658 999 688 1050 et
710 1000 815 1052 cuncta
838 990 927 1052 licere

143 1075 291 1138 credimus
313 1087 342 1138 et
363 1077 517 1157 sequimur
539 1092 715 1151 magnorum
739 1075 871 1156 exempla
894 1077 1026 1138 deorum.

143 1177 199 1220 nec
222 1179 278 1223 nos
299 1171 348 1223 aut
372 1163 464 1222 durus
486 1169 571 1239 pater
593 1169 643 1220 aut
665 1161 828 1222 reverentia
850 1162 944 1223 damae

141 1255 193 1305 aut
213 1247 302 1307 timor
323 1245 481 1326 impediet:
504 1245 621 1305 tandem
645 1254 677 1307 ut
699 1246 738 1307 sit
759 1264 845 1307 causa
869 1247 1000 1315 timendi.

142 1329 239 1392 dulcia
262 1332 392 1392 fraterno
414 1329 470 1389 sub
494 1330 614 1390 nomine
635 1331 713 1391 furta
736 1340 878 1410 tegemus.

141 1425 186 1477 est
208 1415 279 1476 milri
302 1415 424 1476 libertas
445 1422 543 1475 tecum
567 1425 678 1476 secreta
701 1415 852 1495 loquendi,

141 1508 170 1560 et
192 1501 296 1560 damus
317 1498 471 1579 amplexus
494 1510 521 1559 et
545 1499 696 1577 iungimus
717 1499 816 1561 oscula
840 1516 956 1561 coram:

141 1593 283 1664 quantum
307 1593 361 1656 est,
384 1585 464 1664 quod
488 1580 586 1644 desit?
607 1584 747 1645 miserere
769 1584 888 1646 intentis
909 1602 1038 1646 amorem

141 1680 170 1730 et
192 1687 253 1730 non
276 1669 418 1740 tamarae,
442 1669 497 1729 nisi
521 1679 639 1746 cogeret
662 1668 783 1730 ultimus
804 1669 901 1744 ardor,

142 1771 215 1814 nere
237 1771 352 1814 merere
374 1772 441 1815 meo
464 1753 609 1813 subscribi
633 1772 720 1815 causa
742 1749 920 1834 seputetno?

139 1837 206 1899 talia
230 1839 411 1918 nequiquam
433 1848 620 1919 perorantem
643 1837 730 1919 plena
749 1838 868 1919 reliquit

139 1940 205 1983 cera
228 1941 360 1994 manum,
382 1941 577 2003 summusque
599 1923 629 1984 iu
653 1923 785 2002 margine
806 1942 910 1985 versus
932 1924 1069 1986 adhaesit.

138 2007 275 2087 protinus
298 2008 431 2088 inpressa
454 2008 551 2087 signat
574 2026 625 2069 sua
649 2008 771 2070 crimina
794 2026 920 2086 gemma,

138 2111 225 2171 quam
249 2093 336 2154 tinxit
358 2093 487 2154 lacrimis
509 2091 653 2171 (linguam
676 2093 821 2154 deiecerat
841 2099 951 2170 umor),

138 2178 234 2259 deque
256 2178 318 2238 suis
340 2196 432 2238 tinum
458 2177 574 2237 famulis
595 2177 766 2257 pudibunda
787 2179 899 2240 vocavit

137 2270 167 2321 et
189 2262 324 2342 pauidum
347 2262 476 2323 blandita
496 2254 555 2323 ‘ier
577 2263 639 2332 bas,
661 2262 811 2333 fidissime,
834 2253 944 2324 nostro'
971 2298 1008 2308 -

136 2345 219 2419 dixit,
242 2356 271 2408 et
293 2346 399 2408 adiecit
421 2347 512 2424 longo
534 2356 604 2427 post
626 2356 759 2427 tempore
778 2341 892 2409 ‘tratri'

137 2449 204 2492 cum
227 2432 319 2502 daret,
343 2432 459 2512 elapsae
481 2432 619 2492 manibus
639 2432 772 2492 cecidere
794 2431 927 2493 tabellae.

137 2515 236 2576 omine
258 2516 372 2578 turbata
396 2529 456 2577 est:
480 2516 560 2577 misit
581 2525 689 2580 tamen.
733 2526 798 2596 apta
820 2517 956 2578 minister

135 2609 269 2681 tempora
292 2611 397 2661 nactus
419 2602 479 2662 adit
501 2602 647 2681 traditque
669 2601 787 2662 latentia
813 2601 910 2663 verba.

135 2686 278 2747 attonitus
300 2685 395 2747 subita
420 2687 534 2746 iuvenis
557 2685 742 2747 Maeandrius
763 2686 805 2746 ira

135 2771 243 2851 proicit
265 2780 401 2851 acceptas
424 2771 497 2832 lecta
520 2770 575 2830 sibi
599 2780 682 2851 parte
704 2770 826 2832 tabellas

136 2855 242 2934 rixque
264 2874 370 2916 mantas
392 2856 525 2916 retinens
547 2855 723 2935 trepidantis
743 2855 855 2916 abore
876 2856 1004 2917 ministri

131 2932 213 3000 ‘dum
238 2940 316 3010 licet,
339 2959 356 2999 o
379 2941 485 3001 vetitae
508 2939 648 3000 scelerate
670 2939 802 3001 libidinis
823 2952 935 3013 auctor,

135 3018 260 3103 eiiugel’
286 3026 344 3085 ait:
364 3019 440 3105 ‘qui‚
464 3025 487 3085 si
512 3034 645 3085 nostrum
668 3035 717 3085 tua
741 3025 797 3085 lata
821 3026 963 3105 pudorem

134 3128 194 3170 non
218 3110 371 3170 traherent
393 3128 504 3180 secum,
528 3128 639 3189 poenas
661 3109 732 3170 mibi
755 3120 849 3171 morte
871 3105 1018 3171 dedisses?
1166 3120 1209 3172 580

133 3194 182 3255 ille
206 3195 280 3273 tugtt
302 3196 425 3274 pavidus
447 3196 644 3274 dominaeque
667 3195 774 3255 ferocia
797 3194 890 3254 Cattni

133 3279 209 3339 dicta
232 3280 330 3340 reicrt.
376 3280 469 3360 palles
490 3280 598 3350 audita,
622 3279 716 3358 bybli,
738 3279 866 3360 repulsa,

201 3432 248 3480 551
271 3426 436 3495 propriorel
494 3432 544 3481 556
562 3424 712 3495 sequitur).
767 3430 817 3480 558
836 3424 1008 3496 impedienti.
1058 3435 1155 3480 tantum
1174 3429 1206 3480 sit

130 3495 151 3614 lC
204 3502 303 3547 tantum
322 3498 420 3548 obsite
485 3496 587 3548 tandem
606 3503 634 3548 ut
653 3497 687 3547 sit
705 3499 807 3548 conieci
875 3500 925 3550 559
944 3506 1089 3563 tegamuse
1156 3501 1203 3550 561

153 3564 253 3615 corum·

158 3647 215 3682 cam
245 3630 270 3682 tlt
341 3635 390 3684 562
409 3633 508 3695 amorifl
526 3631 593 3692 (fuit
608 3630 755 3690 amorislbl
811 3628 925 3684 amorii.
975 3634 1024 3684 565
1043 3628 1207 3699 parantem).

131 3701 181 3753 566
200 3715 351 3766 summoque
370 3719 385 3756 ς
403 3706 429 3750 et
445 3705 474 3751 in
491 3716 578 3765 marg.
597 3699 635 3751 tlt·
704 3703 753 3753 568
772 3700 883 3751 lacrimis
902 3700 1009 3755 tinxitr
1071 3700 1172 3766 linquae
1191 3696 1207 3750 λ

131 3770 181 3820 569
199 3768 301 3820 damulis
319 3784 429 3820 onoms
491 3772 540 3821 sto
560 3766 670 3820 ierssbl
728 3769 766 3820 ier
783 3764 845 3819 asi
896 3768 1027 3820 ierbosa
1088 3772 1136 3821 stt
1157 3776 1205 3820 tre

130 3835 384 3955 pidantislrloonpleo·
402 3836 558 3904 trepidantes
576 3834 601 3887 bl
661 3839 710 3889 579
730 3835 779 3887 ista
798 3853 832 3887 ea
850 3837 916 3888 iacta
936 3834 961 3886 tt
1021 3837 1070 3888 586
1089 3842 1171 3889 tecum
1190 3854 1205 3891 ς

130 3906 179 3956 sut
198 3918 229 3970 po
252 3906 297 3956 elis
