<?xml version="1.0" encoding="UTF-8"?>
<!DOCTYPE html PUBLIC "-//W3C//DTD XHTML 1.0 Transitional//EN"
    "http://www.w3.org/TR/xhtml1/DTD/xhtml1-transitional.dtd">
<html xmlns="http://www.w3.org/1999/xhtml" xml:lang="en" lang="en">
 <head>
  <title>
</title>
<meta http-equiv="Content-Type" content="text/html;charset=utf-8" />
  <meta name='ocr-system' content='tesseract 3.04.00' />
  <meta name='ocr-capabilities' content='ocr_page ocr_carea ocr_par ocr_line ocrx_word'/>
</head>
<body>
  <div class='ocr_page' id='page_1' title='image "./povidinasonisme00korngoog_0300.png"; bbox 0 0 2692 4230; ppageno 0'>
   <div class='ocr_carea' id='block_1_1' title="bbox 128 154 780 222">
    <p class='ocr_par' dir='ltr' id='par_1_1' title="bbox 128 154 780 222">
     <span class='ocr_line' id='line_1_1' title="bbox 128 154 780 222; baseline 0.006 -12"><span class='ocrx_word' id='word_1_1' title='bbox 128 171 251 211; x_wconf 71' lang='lat' dir='ltr'>canonos</span> <span class='ocrx_word' id='word_1_2' title='bbox 267 172 382 212; x_wconf 83' lang='lat' dir='ltr'>tnnrcamr</span> <span class='ocrx_word' id='word_1_3' title='bbox 554 154 617 222; x_wconf 80' lang='lat' dir='ltr'>lllll,</span> <span class='ocrx_word' id='word_1_4' title='bbox 636 158 780 214; x_wconf 76' lang='lat' dir='ltr'>tao-tet.</span> 
     </span>
    </p>
   </div>
   <div class='ocr_carea' id='block_1_2' title="bbox 128 325 1204 3372">
    <p class='ocr_par' dir='ltr' id='par_1_2' title="bbox 129 325 749 410">
     <span class='ocr_line' id='line_1_2' title="bbox 129 325 749 410; baseline 0.002 -20"><span class='ocrx_word' id='word_1_5' title='bbox 129 329 261 410; x_wconf 91' lang='lat' dir='ltr'>praescia</span> <span class='ocrx_word' id='word_1_6' title='bbox 282 327 398 392; x_wconf 87' lang='lat' dir='ltr'>venturi</span> <span class='ocrx_word' id='word_1_7' title='bbox 419 325 554 406; x_wconf 81' lang='lat' dir='ltr'>genetrix</span> <span class='ocrx_word' id='word_1_8' title='bbox 573 326 678 390; x_wconf 88' lang='lat' dir='ltr'>Nereta</span> <span class='ocrx_word' id='word_1_9' title='bbox 698 327 749 391; x_wconf 89' lang='lat' dir='ltr'>leti</span> 
     </span>
    </p>

    <p class='ocr_par' dir='ltr' id='par_1_3' title="bbox 129 413 901 495">
     <span class='ocr_line' id='line_1_3' title="bbox 129 413 901 495; baseline -0.001 -20"><span class='ocrx_word' id='word_1_10' title='bbox 129 413 293 477; x_wconf 77' lang='lat' dir='ltr'><strong>dissimulat</strong></span> <span class='ocrx_word' id='word_1_11' title='bbox 313 413 395 475; x_wconf 91' lang='lat' dir='ltr'>cultu</span> <span class='ocrx_word' id='word_1_12' title='bbox 417 419 535 487; x_wconf 88' lang='lat' dir='ltr'>natom;</span> <span class='ocrx_word' id='word_1_13' title='bbox 558 421 589 475; x_wconf 93' lang='lat' dir='ltr'>et</span> <span class='ocrx_word' id='word_1_14' title='bbox 609 415 766 495; x_wconf 75' lang='lat' dir='ltr'>deceperat</span> <span class='ocrx_word' id='word_1_15' title='bbox 786 430 901 488; x_wconf 90' lang='lat' dir='ltr'>omnes,</span> 
     </span>
    </p>

    <p class='ocr_par' dir='ltr' id='par_1_4' title="bbox 128 497 846 580">
     <span class='ocr_line' id='line_1_4' title="bbox 128 497 846 580; baseline 0.001 -20"><span class='ocrx_word' id='word_1_16' title='bbox 128 497 161 560; x_wconf 88' lang='lat' dir='ltr'>in</span> <span class='ocrx_word' id='word_1_17' title='bbox 184 499 292 580; x_wconf 92' lang='lat' dir='ltr'>quibus</span> <span class='ocrx_word' id='word_1_18' title='bbox 313 497 442 568; x_wconf 80' lang='lat' dir='ltr'>Aiacem,</span> <span class='ocrx_word' id='word_1_19' title='bbox 464 505 599 579; x_wconf 88' lang='lat' dir='ltr'>sumptae</span> <span class='ocrx_word' id='word_1_20' title='bbox 613 498 726 561; x_wconf 74' lang='lat' dir='ltr'>fallacia</span> <span class='ocrx_word' id='word_1_21' title='bbox 746 499 846 561; x_wconf 85' lang='lat' dir='ltr'>vestis.</span> 
     </span>
    </p>

    <p class='ocr_par' dir='ltr' id='par_1_5' title="bbox 129 579 1202 1084">
     <span class='ocr_line' id='line_1_5' title="bbox 129 579 1202 662; baseline 0.001 -16"><span class='ocrx_word' id='word_1_22' title='bbox 129 602 209 646; x_wconf 87' lang='lat' dir='ltr'>arma</span> <span class='ocrx_word' id='word_1_23' title='bbox 231 601 286 662; x_wconf 90' lang='lat' dir='ltr'>ego</span> <span class='ocrx_word' id='word_1_24' title='bbox 309 579 443 642; x_wconf 78' lang='lat' dir='ltr'>femineis</span> <span class='ocrx_word' id='word_1_25' title='bbox 463 582 595 645; x_wconf 92' lang='lat' dir='ltr'>animum</span> <span class='ocrx_word' id='word_1_26' title='bbox 615 594 731 645; x_wconf 88' lang='lat' dir='ltr'>motura</span> <span class='ocrx_word' id='word_1_27' title='bbox 754 584 866 645; x_wconf 86' lang='lat' dir='ltr'>virilem</span> <span class='ocrx_word' id='word_1_28' title='bbox 1160 596 1202 647; x_wconf 79' lang='lat'>165</span> 
     </span>
     <span class='ocr_line' id='line_1_6' title="bbox 129 665 976 748; baseline 0.001 -20"><span class='ocrx_word' id='word_1_29' title='bbox 129 668 277 731; x_wconf 78' lang='lat' dir='ltr'>mercibus</span> <span class='ocrx_word' id='word_1_30' title='bbox 298 665 421 726; x_wconf 89' lang='lat' dir='ltr'>inserui.</span> <span class='ocrx_word' id='word_1_31' title='bbox 464 685 562 748; x_wconf 88' lang='lat' dir='ltr'>neque</span> <span class='ocrx_word' id='word_1_32' title='bbox 583 667 680 729; x_wconf 89' lang='lat' dir='ltr'>adhuc</span> <span class='ocrx_word' id='word_1_33' title='bbox 702 669 867 748; x_wconf 88' lang='lat' dir='ltr'>proiecerat</span> <span class='ocrx_word' id='word_1_34' title='bbox 887 668 976 729; x_wconf 87' lang='lat' dir='ltr'>heros</span> 
     </span>
     <span class='ocr_line' id='line_1_7' title="bbox 129 749 999 833; baseline -0.001 -19"><span class='ocrx_word' id='word_1_35' title='bbox 129 753 276 833; x_wconf 79' lang='lat' dir='ltr'>virgineos</span> <span class='ocrx_word' id='word_1_36' title='bbox 297 749 426 826; x_wconf 89' lang='lat' dir='ltr'>habitus,</span> <span class='ocrx_word' id='word_1_37' title='bbox 448 770 516 814; x_wconf 90' lang='lat' dir='ltr'>cum</span> <span class='ocrx_word' id='word_1_38' title='bbox 538 768 669 833; x_wconf 87' lang='lat' dir='ltr'>parmam</span> <span class='ocrx_word' id='word_1_39' title='bbox 690 751 863 832; x_wconf 79' lang='lat' dir='ltr'>hastamque</span> <span class='ocrx_word' id='word_1_40' title='bbox 884 752 999 815; x_wconf 90' lang='lat' dir='ltr'>tenenti</span> 
     </span>
     <span class='ocr_line' id='line_1_8' title="bbox 130 835 885 917; baseline -0.001 -18"><span class='ocrx_word' id='word_1_41' title='bbox 130 844 221 914; x_wconf 89' lang='lat' dir='ltr'>„nate</span> <span class='ocrx_word' id='word_1_42' title='bbox 242 835 326 908; x_wconf 86' lang='lat' dir='ltr'>dea“‚</span> <span class='ocrx_word' id='word_1_43' title='bbox 349 835 408 898; x_wconf 87' lang='lat' dir='ltr'>dixi</span> <span class='ocrx_word' id='word_1_44' title='bbox 432 836 506 912; x_wconf 91' lang='lat' dir='ltr'>„tibi</span> <span class='ocrx_word' id='word_1_45' title='bbox 528 855 561 898; x_wconf 91' lang='lat' dir='ltr'>se</span> <span class='ocrx_word' id='word_1_46' title='bbox 582 836 713 917; x_wconf 89' lang='lat' dir='ltr'>peritura</span> <span class='ocrx_word' id='word_1_47' title='bbox 735 847 885 898; x_wconf 84' lang='lat' dir='ltr'>reservant</span> 
     </span>
     <span class='ocr_line' id='line_1_9' title="bbox 129 919 1025 1001; baseline -0.001 -18"><span class='ocrx_word' id='word_1_48' title='bbox 129 919 285 999; x_wconf 80' lang='lat' dir='ltr'>Pergama!</span> <span class='ocrx_word' id='word_1_49' title='bbox 308 921 378 1001; x_wconf 91' lang='lat' dir='ltr'>quid</span> <span class='ocrx_word' id='word_1_50' title='bbox 400 921 517 983; x_wconf 86' lang='lat' dir='ltr'>dubitas</span> <span class='ocrx_word' id='word_1_51' title='bbox 537 921 689 997; x_wconf 90' lang='lat' dir='ltr'>ingentem</span> <span class='ocrx_word' id='word_1_52' title='bbox 711 929 842 981; x_wconf 86' lang='lat' dir='ltr'>evertere</span> <span class='ocrx_word' id='word_1_53' title='bbox 863 919 1025 983; x_wconf 67' lang='grc' dir='ltr'>’1111111111κ</span> 
     </span>
     <span class='ocr_line' id='line_1_10' title="bbox 129 1003 872 1084; baseline -0.003 -18"><span class='ocrx_word' id='word_1_54' title='bbox 129 1003 277 1083; x_wconf 82' lang='lat' dir='ltr'>iniecique</span> <span class='ocrx_word' id='word_1_55' title='bbox 297 1023 419 1068; x_wconf 83' lang='lat' dir='ltr'>manunt</span> <span class='ocrx_word' id='word_1_56' title='bbox 443 1006 607 1084; x_wconf 75' lang='lat' dir='ltr'>fortemque</span> <span class='ocrx_word' id='word_1_57' title='bbox 627 1003 663 1064; x_wconf 87' lang='lat' dir='ltr'>ad</span> <span class='ocrx_word' id='word_1_58' title='bbox 685 1004 773 1065; x_wconf 79' lang='lat' dir='ltr'>fortia</span> <span class='ocrx_word' id='word_1_59' title='bbox 794 1003 872 1065; x_wconf 88' lang='lat' dir='ltr'>misi.</span> 
     </span>
    </p>

    <p class='ocr_par' dir='ltr' id='par_1_6' title="bbox 130 1087 966 1255">
     <span class='ocr_line' id='line_1_11' title="bbox 131 1087 966 1170; baseline 0.001 -20"><span class='ocrx_word' id='word_1_60' title='bbox 131 1106 201 1168; x_wconf 89' lang='lat' dir='ltr'>ergo</span> <span class='ocrx_word' id='word_1_61' title='bbox 224 1107 314 1170; x_wconf 88' lang='lat' dir='ltr'>opera</span> <span class='ocrx_word' id='word_1_62' title='bbox 336 1091 416 1152; x_wconf 89' lang='lat' dir='ltr'>illins</span> <span class='ocrx_word' id='word_1_63' title='bbox 437 1106 501 1150; x_wconf 91' lang='lat' dir='ltr'>mea</span> <span class='ocrx_word' id='word_1_64' title='bbox 522 1099 607 1151; x_wconf 86' lang='lat' dir='ltr'>sunt:</span> <span class='ocrx_word' id='word_1_65' title='bbox 630 1106 686 1168; x_wconf 89' lang='lat' dir='ltr'>ego</span> <span class='ocrx_word' id='word_1_66' title='bbox 707 1087 861 1169; x_wconf 84' lang='lat' dir='ltr'>Telephon</span> <span class='ocrx_word' id='word_1_67' title='bbox 884 1091 966 1151; x_wconf 84' lang='lat' dir='ltr'>hasta</span> 
     </span>
     <span class='ocr_line' id='line_1_12' title="bbox 130 1173 904 1255; baseline 0.003 -21"><span class='ocrx_word' id='word_1_68' title='bbox 130 1184 313 1255; x_wconf 80' lang='lat' dir='ltr'>pugnantem</span> <span class='ocrx_word' id='word_1_69' title='bbox 334 1174 434 1237; x_wconf 91' lang='lat' dir='ltr'>domni</span> <span class='ocrx_word' id='word_1_70' title='bbox 456 1174 565 1236; x_wconf 82' lang='lat' dir='ltr'>victum</span> <span class='ocrx_word' id='word_1_71' title='bbox 587 1184 782 1255; x_wconf 85' lang='lat' dir='ltr'>orantemque</span> <span class='ocrx_word' id='word_1_72' title='bbox 802 1173 904 1248; x_wconf 83' lang='lat' dir='ltr'>reieci,</span> 
     </span>
    </p>

    <p class='ocr_par' dir='ltr' id='par_1_7' title="bbox 130 1258 1063 1509">
     <span class='ocr_line' id='line_1_13' title="bbox 132 1258 1063 1339; baseline 0 -20"><span class='ocrx_word' id='word_1_73' title='bbox 132 1259 211 1339; x_wconf 88' lang='lat' dir='ltr'>quod</span> <span class='ocrx_word' id='word_1_74' title='bbox 232 1258 351 1321; x_wconf 80' lang='lat' dir='ltr'>Thebae</span> <span class='ocrx_word' id='word_1_75' title='bbox 372 1259 514 1335; x_wconf 88' lang='lat' dir='ltr'>cecidere,</span> <span class='ocrx_word' id='word_1_76' title='bbox 537 1277 635 1321; x_wconf 87' lang='lat' dir='ltr'>meum</span> <span class='ocrx_word' id='word_1_77' title='bbox 658 1268 712 1331; x_wconf 86' lang='lat' dir='ltr'>est,</span> <span class='ocrx_word' id='word_1_78' title='bbox 734 1258 788 1320; x_wconf 85' lang='lat' dir='ltr'>mc&#39;</span> <span class='ocrx_word' id='word_1_79' title='bbox 804 1259 915 1321; x_wconf 87' lang='lat' dir='ltr'>credite</span> <span class='ocrx_word' id='word_1_80' title='bbox 937 1258 1063 1332; x_wconf 83' lang='lat' dir='ltr'>Lesbon,</span> 
     </span>
     <span class='ocr_line' id='line_1_14' title="bbox 130 1342 1022 1427; baseline 0 -21"><span class='ocrx_word' id='word_1_81' title='bbox 130 1360 179 1406; x_wconf 83' lang='lat' dir='ltr'>nne</span> <span class='ocrx_word' id='word_1_82' title='bbox 199 1344 341 1406; x_wconf 83' lang='lat' dir='ltr'>Tenedon</span> <span class='ocrx_word' id='word_1_83' title='bbox 364 1342 554 1424; x_wconf 73' lang='lat' dir='ltr'>Chrysenque</span> <span class='ocrx_word' id='word_1_84' title='bbox 575 1351 606 1404; x_wconf 90' lang='lat' dir='ltr'>ct</span> <span class='ocrx_word' id='word_1_85' title='bbox 627 1343 732 1415; x_wconf 83' lang='lat' dir='ltr'>Cillan,</span> <span class='ocrx_word' id='word_1_86' title='bbox 748 1343 902 1427; x_wconf 17' lang='lat' dir='ltr'>*Apollinis</span> <span class='ocrx_word' id='word_1_87' title='bbox 923 1345 1022 1420; x_wconf 90' lang='lat' dir='ltr'>nrbes,</span> 
     </span>
     <span class='ocr_line' id='line_1_15' title="bbox 130 1429 824 1509; baseline -0.006 -18"><span class='ocrx_word' id='word_1_88' title='bbox 130 1439 160 1492; x_wconf 87' lang='lat' dir='ltr'>et</span> <span class='ocrx_word' id='word_1_89' title='bbox 180 1429 304 1509; x_wconf 77' lang='lat' dir='ltr'>Scyrum</span> <span class='ocrx_word' id='word_1_90' title='bbox 323 1429 450 1508; x_wconf 86' lang='lat' dir='ltr'>cepisse,</span> <span class='ocrx_word' id='word_1_91' title='bbox 469 1446 535 1488; x_wconf 90' lang='lat' dir='ltr'>mea</span> <span class='ocrx_word' id='word_1_92' title='bbox 557 1445 701 1489; x_wconf 89' lang='lat' dir='ltr'>concussa</span> <span class='ocrx_word' id='word_1_93' title='bbox 723 1436 824 1507; x_wconf 91' lang='lat' dir='ltr'>putate</span> 
     </span>
    </p>

    <p class='ocr_par' dir='ltr' id='par_1_8' title="bbox 131 1511 886 1595">
     <span class='ocr_line' id='line_1_16' title="bbox 131 1511 886 1595; baseline -0.003 -21"><span class='ocrx_word' id='word_1_94' title='bbox 131 1513 325 1595; x_wconf 87' lang='lat' dir='ltr'>procubuisse</span> <span class='ocrx_word' id='word_1_95' title='bbox 346 1513 411 1574; x_wconf 91' lang='lat' dir='ltr'>solo</span> <span class='ocrx_word' id='word_1_96' title='bbox 432 1511 572 1591; x_wconf 74' lang='lat' dir='ltr'>Lyrnesia</span> <span class='ocrx_word' id='word_1_97' title='bbox 593 1511 711 1573; x_wconf 87' lang='lat' dir='ltr'>moenia</span> <span class='ocrx_word' id='word_1_98' title='bbox 732 1512 843 1573; x_wconf 82' lang='lat' dir='ltr'>dextra.</span> <span class='ocrx_word' id='word_1_99' title='bbox 883 1539 886 1545; x_wconf 47' lang='lat'><strong>⁴</strong></span> 
     </span>
    </p>

    <p class='ocr_par' dir='ltr' id='par_1_9' title="bbox 131 1597 1028 1847">
     <span class='ocr_line' id='line_1_17' title="bbox 131 1597 942 1679; baseline -0.004 -20"><span class='ocrx_word' id='word_1_100' title='bbox 131 1606 223 1679; x_wconf 90' lang='lat' dir='ltr'>utque</span> <span class='ocrx_word' id='word_1_101' title='bbox 244 1597 316 1658; x_wconf 90' lang='lat' dir='ltr'>alios</span> <span class='ocrx_word' id='word_1_102' title='bbox 337 1606 459 1670; x_wconf 85' lang='lat' dir='ltr'>taceam,</span> <span class='ocrx_word' id='word_1_103' title='bbox 482 1597 532 1677; x_wconf 91' lang='lat' dir='ltr'>qui</span> <span class='ocrx_word' id='word_1_104' title='bbox 555 1613 672 1658; x_wconf 75' lang='lat' dir='ltr'>menum</span> <span class='ocrx_word' id='word_1_105' title='bbox 694 1597 819 1676; x_wconf 89' lang='lat' dir='ltr'>perdere</span> <span class='ocrx_word' id='word_1_106' title='bbox 841 1604 942 1677; x_wconf 89' lang='lat' dir='ltr'>posset</span> 
     </span>
     <span class='ocr_line' id='line_1_18' title="bbox 131 1678 1028 1763; baseline -0.002 -20"><span class='ocrx_word' id='word_1_107' title='bbox 131 1681 272 1754; x_wconf 73' lang='lat' dir='ltr'>Hectora,</span> <span class='ocrx_word' id='word_1_108' title='bbox 290 1699 397 1761; x_wconf 89' lang='lat' dir='ltr'>nempe</span> <span class='ocrx_word' id='word_1_109' title='bbox 419 1681 503 1743; x_wconf 86' lang='lat' dir='ltr'>dedi:</span> <span class='ocrx_word' id='word_1_110' title='bbox 526 1701 580 1763; x_wconf 92' lang='lat' dir='ltr'>per</span> <span class='ocrx_word' id='word_1_111' title='bbox 600 1700 648 1743; x_wconf 87' lang='lat' dir='ltr'>mo</span> <span class='ocrx_word' id='word_1_112' title='bbox 669 1681 744 1742; x_wconf 89' lang='lat' dir='ltr'>iacet</span> <span class='ocrx_word' id='word_1_113' title='bbox 765 1681 887 1743; x_wconf 89' lang='lat' dir='ltr'>inolitus</span> <span class='ocrx_word' id='word_1_114' title='bbox 909 1678 1028 1743; x_wconf 89' lang='lat' dir='ltr'>llector.</span> 
     </span>
     <span class='ocr_line' id='line_1_19' title="bbox 131 1765 922 1847; baseline -0.001 -21"><span class='ocrx_word' id='word_1_115' title='bbox 131 1765 191 1827; x_wconf 88' lang='lat' dir='ltr'>illis</span> <span class='ocrx_word' id='word_1_116' title='bbox 212 1766 285 1827; x_wconf 90' lang='lat' dir='ltr'>baec</span> <span class='ocrx_word' id='word_1_117' title='bbox 306 1767 406 1840; x_wconf 87' lang='lat' dir='ltr'>armis,</span> <span class='ocrx_word' id='word_1_118' title='bbox 428 1766 536 1847; x_wconf 92' lang='lat' dir='ltr'>quibus</span> <span class='ocrx_word' id='word_1_119' title='bbox 558 1775 603 1829; x_wconf 87' lang='lat' dir='ltr'>est</span> <span class='ocrx_word' id='word_1_120' title='bbox 623 1769 762 1828; x_wconf 87' lang='lat' dir='ltr'>inventus</span> <span class='ocrx_word' id='word_1_121' title='bbox 783 1766 922 1839; x_wconf 81' lang='lat' dir='ltr'>Achilles,</span> 
     </span>
    </p>

    <p class='ocr_par' dir='ltr' id='par_1_10' title="bbox 131 1851 900 1932">
     <span class='ocr_line' id='line_1_20' title="bbox 131 1851 900 1932; baseline 0 -21"><span class='ocrx_word' id='word_1_122' title='bbox 131 1868 211 1911; x_wconf 90' lang='lat' dir='ltr'>arma</span> <span class='ocrx_word' id='word_1_123' title='bbox 233 1861 319 1931; x_wconf 85' lang='lat' dir='ltr'>peto:</span> <span class='ocrx_word' id='word_1_124' title='bbox 341 1852 406 1913; x_wconf 86' lang='lat' dir='ltr'>vivo</span> <span class='ocrx_word' id='word_1_125' title='bbox 428 1851 574 1924; x_wconf 88' lang='lat' dir='ltr'>dederam,</span> <span class='ocrx_word' id='word_1_126' title='bbox 596 1861 664 1932; x_wconf 91' lang='lat' dir='ltr'>post</span> <span class='ocrx_word' id='word_1_127' title='bbox 685 1851 743 1911; x_wconf 90' lang='lat' dir='ltr'>lata</span> <span class='ocrx_word' id='word_1_128' title='bbox 763 1868 900 1930; x_wconf 90' lang='lat' dir='ltr'>reposco.</span> 
     </span>
    </p>

    <p class='ocr_par' dir='ltr' id='par_1_11' title="bbox 132 1935 851 2016">
     <span class='ocr_line' id='line_1_21' title="bbox 132 1935 851 2016; baseline 0 -20"><span class='ocrx_word' id='word_1_129' title='bbox 132 1944 166 1997; x_wconf 89' lang='lat' dir='ltr'>ut</span> <span class='ocrx_word' id='word_1_130' title='bbox 186 1935 271 1998; x_wconf 90' lang='lat' dir='ltr'>dolor</span> <span class='ocrx_word' id='word_1_131' title='bbox 292 1937 381 1998; x_wconf 90' lang='lat' dir='ltr'>nnius</span> <span class='ocrx_word' id='word_1_132' title='bbox 403 1935 518 1997; x_wconf 85' lang='lat' dir='ltr'>Danaos</span> <span class='ocrx_word' id='word_1_133' title='bbox 538 1936 724 2016; x_wconf 83' lang='lat' dir='ltr'>pervenitad</span> <span class='ocrx_word' id='word_1_134' title='bbox 746 1952 851 1997; x_wconf 90' lang='lat' dir='ltr'>omnes</span> 
     </span>
    </p>

    <p class='ocr_par' dir='ltr' id='par_1_12' title="bbox 131 2006 922 2185">
     <span class='ocr_line' id='line_1_22' title="bbox 131 2006 922 2101; baseline -0.001 -20"><span class='ocrx_word' id='word_1_135' title='bbox 131 2020 294 2101; x_wconf 79' lang='lat' dir='ltr'>Aulidaque</span> <span class='ocrx_word' id='word_1_136' title='bbox 316 2006 478 2081; x_wconf 75' lang='lat' dir='ltr'>Euboicam</span> <span class='ocrx_word' id='word_1_137' title='bbox 492 2019 672 2100; x_wconf 87' lang='lat' dir='ltr'>conplerunt</span> <span class='ocrx_word' id='word_1_138' title='bbox 691 2019 772 2081; x_wconf 92' lang='lat' dir='ltr'>mille</span> <span class='ocrx_word' id='word_1_139' title='bbox 794 2020 922 2093; x_wconf 70' lang='lat' dir='ltr'>cannae,</span> 
     </span>
     <span class='ocr_line' id='line_1_23' title="bbox 132 2104 830 2185; baseline -0.001 -18"><span class='ocrx_word' id='word_1_140' title='bbox 132 2115 296 2185; x_wconf 84' lang='lat' dir='ltr'>exspectata</span> <span class='ocrx_word' id='word_1_141' title='bbox 318 2104 379 2178; x_wconf 90' lang='lat' dir='ltr'>diu,</span> <span class='ocrx_word' id='word_1_142' title='bbox 402 2104 482 2165; x_wconf 89' lang='lat' dir='ltr'>nulla</span> <span class='ocrx_word' id='word_1_143' title='bbox 503 2115 554 2166; x_wconf 89' lang='lat' dir='ltr'>aut</span> <span class='ocrx_word' id='word_1_144' title='bbox 575 2106 722 2166; x_wconf 86' lang='lat' dir='ltr'>contraria</span> <span class='ocrx_word' id='word_1_145' title='bbox 744 2105 830 2166; x_wconf 84' lang='lat' dir='ltr'>classi</span> 
     </span>
    </p>

    <p class='ocr_par' dir='ltr' id='par_1_13' title="bbox 132 2189 1024 2337">
     <span class='ocr_line' id='line_1_24' title="bbox 132 2189 1024 2270; baseline -0.002 -19"><span class='ocrx_word' id='word_1_146' title='bbox 132 2190 250 2251; x_wconf 84' lang='lat' dir='ltr'>flamina</span> <span class='ocrx_word' id='word_1_147' title='bbox 272 2198 365 2263; x_wconf 88' lang='lat' dir='ltr'>erant,</span> <span class='ocrx_word' id='word_1_148' title='bbox 387 2190 537 2270; x_wconf 89' lang='lat' dir='ltr'>duraeque</span> <span class='ocrx_word' id='word_1_149' title='bbox 558 2189 663 2251; x_wconf 90' lang='lat' dir='ltr'>iubent</span> <span class='ocrx_word' id='word_1_150' title='bbox 685 2193 906 2267; x_wconf 73' lang='lat' dir='ltr'>Agamemnona</span> <span class='ocrx_word' id='word_1_151' title='bbox 929 2196 1024 2250; x_wconf 87' lang='lat' dir='ltr'>sortes</span> 
     </span>
     <span class='ocr_line' id='line_1_25' title="bbox 132 2274 830 2337; baseline 0.001 -3"><span class='ocrx_word' id='word_1_152' title='bbox 132 2274 297 2337; x_wconf 89' lang='lat' dir='ltr'>inmeritam</span> <span class='ocrx_word' id='word_1_153' title='bbox 318 2293 421 2337; x_wconf 84' lang='lat' dir='ltr'>saevae</span> <span class='ocrx_word' id='word_1_154' title='bbox 443 2284 539 2337; x_wconf 88' lang='lat' dir='ltr'>natam</span> <span class='ocrx_word' id='word_1_155' title='bbox 561 2285 689 2336; x_wconf 85' lang='lat' dir='ltr'>mactare</span> <span class='ocrx_word' id='word_1_156' title='bbox 711 2274 830 2336; x_wconf 84' lang='lat' dir='ltr'>Dianae.</span> 
     </span>
    </p>

    <p class='ocr_par' dir='ltr' id='par_1_14' title="bbox 132 2359 879 2440">
     <span class='ocr_line' id='line_1_26' title="bbox 132 2359 879 2440; baseline -0.004 -20"><span class='ocrx_word' id='word_1_157' title='bbox 132 2360 255 2439; x_wconf 79' lang='lat' dir='ltr'>denegat</span> <span class='ocrx_word' id='word_1_158' title='bbox 277 2362 334 2422; x_wconf 93' lang='lat' dir='ltr'>hoc</span> <span class='ocrx_word' id='word_1_159' title='bbox 355 2360 475 2440; x_wconf 86' lang='lat' dir='ltr'>genitor</span> <span class='ocrx_word' id='word_1_160' title='bbox 494 2360 626 2440; x_wconf 81' lang='lat' dir='ltr'>dirisque</span> <span class='ocrx_word' id='word_1_161' title='bbox 647 2359 784 2421; x_wconf 88' lang='lat' dir='ltr'>irascitur</span> <span class='ocrx_word' id='word_1_162' title='bbox 805 2359 879 2438; x_wconf 88' lang='lat' dir='ltr'>ipsis</span> 
     </span>
    </p>

    <p class='ocr_par' dir='ltr' id='par_1_15' title="bbox 132 2439 1012 2608">
     <span class='ocr_line' id='line_1_27' title="bbox 132 2439 1012 2524; baseline -0.005 -20"><span class='ocrx_word' id='word_1_163' title='bbox 132 2453 220 2524; x_wconf 88' lang='lat' dir='ltr'>atque</span> <span class='ocrx_word' id='word_1_164' title='bbox 241 2445 271 2505; x_wconf 91' lang='lat' dir='ltr'>in</span> <span class='ocrx_word' id='word_1_165' title='bbox 295 2463 366 2524; x_wconf 87' lang='lat' dir='ltr'>rege</span> <span class='ocrx_word' id='word_1_166' title='bbox 387 2455 484 2506; x_wconf 75' lang='lat' dir='ltr'>minen</span> <span class='ocrx_word' id='word_1_167' title='bbox 506 2451 590 2523; x_wconf 87' lang='lat' dir='ltr'>pater</span> <span class='ocrx_word' id='word_1_168' title='bbox 610 2455 664 2504; x_wconf 87' lang='lat' dir='ltr'>est.</span> <span class='ocrx_word' id='word_1_169' title='bbox 708 2461 762 2523; x_wconf 86' lang='lat' dir='ltr'>ego</span> <span class='ocrx_word' id='word_1_170' title='bbox 785 2443 857 2504; x_wconf 90' lang='lat' dir='ltr'>mite</span> <span class='ocrx_word' id='word_1_171' title='bbox 879 2439 1012 2522; x_wconf 87' lang='lat' dir='ltr'>parentis</span> 
     </span>
     <span class='ocr_line' id='line_1_28' title="bbox 133 2527 882 2608; baseline -0.001 -20"><span class='ocrx_word' id='word_1_172' title='bbox 133 2528 284 2608; x_wconf 86' lang='lat' dir='ltr'>ingenium</span> <span class='ocrx_word' id='word_1_173' title='bbox 306 2528 404 2590; x_wconf 86' lang='lat' dir='ltr'>verbis</span> <span class='ocrx_word' id='word_1_174' title='bbox 424 2529 461 2590; x_wconf 91' lang='lat' dir='ltr'>ad</span> <span class='ocrx_word' id='word_1_175' title='bbox 481 2527 602 2608; x_wconf 89' lang='lat' dir='ltr'>publica</span> <span class='ocrx_word' id='word_1_176' title='bbox 624 2528 777 2589; x_wconf 88' lang='lat' dir='ltr'>commoda</span> <span class='ocrx_word' id='word_1_177' title='bbox 798 2527 882 2589; x_wconf 83' lang='lat' dir='ltr'>verti.</span> 
     </span>
    </p>

    <p class='ocr_par' dir='ltr' id='par_1_16' title="bbox 132 2611 1204 2864">
     <span class='ocr_line' id='line_1_29' title="bbox 132 2611 955 2693; baseline -0.004 -19"><span class='ocrx_word' id='word_1_178' title='bbox 132 2613 210 2674; x_wconf 91' lang='lat' dir='ltr'>hanc</span> <span class='ocrx_word' id='word_1_179' title='bbox 231 2613 367 2693; x_wconf 87' lang='lat' dir='ltr'>equidem</span> <span class='ocrx_word' id='word_1_180' title='bbox 389 2615 492 2685; x_wconf 80' lang='lat' dir='ltr'>fateor,</span> <span class='ocrx_word' id='word_1_181' title='bbox 514 2614 652 2692; x_wconf 86' lang='lat' dir='ltr'>lassoque</span> <span class='ocrx_word' id='word_1_182' title='bbox 674 2614 807 2693; x_wconf 87' lang='lat' dir='ltr'>ignoscat</span> <span class='ocrx_word' id='word_1_183' title='bbox 829 2611 955 2684; x_wconf 74' lang='lat' dir='ltr'>Atrides,</span> 
     </span>
     <span class='ocr_line' id='line_1_30' title="bbox 133 2697 1204 2778; baseline -0.006 -19"><span class='ocrx_word' id='word_1_184' title='bbox 133 2697 280 2760; x_wconf 80' lang='lat' dir='ltr'>difficilem</span> <span class='ocrx_word' id='word_1_185' title='bbox 304 2699 385 2759; x_wconf 90' lang='lat' dir='ltr'>tenui</span> <span class='ocrx_word' id='word_1_186' title='bbox 408 2697 463 2758; x_wconf 92' lang='lat' dir='ltr'>sub</span> <span class='ocrx_word' id='word_1_187' title='bbox 485 2698 588 2778; x_wconf 90' lang='lat' dir='ltr'>iniquo</span> <span class='ocrx_word' id='word_1_188' title='bbox 610 2697 707 2758; x_wconf 85' lang='lat' dir='ltr'>iudice</span> <span class='ocrx_word' id='word_1_189' title='bbox 729 2715 856 2758; x_wconf 80' lang='lat' dir='ltr'>causam.</span> <span class='ocrx_word' id='word_1_190' title='bbox 1162 2703 1204 2754; x_wconf 84' lang='grc'>191</span> 
     </span>
     <span class='ocr_line' id='line_1_31' title="bbox 132 2781 902 2864; baseline -0.003 -20"><span class='ocrx_word' id='word_1_191' title='bbox 132 2783 213 2844; x_wconf 92' lang='lat' dir='ltr'>hunc</span> <span class='ocrx_word' id='word_1_192' title='bbox 235 2792 331 2845; x_wconf 90' lang='lat' dir='ltr'>tamen</span> <span class='ocrx_word' id='word_1_193' title='bbox 354 2782 464 2845; x_wconf 86' lang='lat' dir='ltr'>utilitas</span> <span class='ocrx_word' id='word_1_194' title='bbox 486 2782 589 2864; x_wconf 91' lang='lat' dir='ltr'>populi</span> <span class='ocrx_word' id='word_1_195' title='bbox 612 2782 760 2862; x_wconf 78' lang='lat' dir='ltr'>fraterque</span> <span class='ocrx_word' id='word_1_196' title='bbox 782 2781 902 2862; x_wconf 89' lang='lat' dir='ltr'>datique</span> 
     </span>
    </p>

    <p class='ocr_par' dir='ltr' id='par_1_17' title="bbox 133 2865 1092 3118">
     <span class='ocr_line' id='line_1_32' title="bbox 133 2865 1092 2949; baseline -0.004 -21"><span class='ocrx_word' id='word_1_197' title='bbox 133 2885 246 2928; x_wconf 86' lang='lat' dir='ltr'>summa</span> <span class='ocrx_word' id='word_1_198' title='bbox 268 2879 365 2929; x_wconf 84' lang='lat' dir='ltr'>movet</span> <span class='ocrx_word' id='word_1_199' title='bbox 386 2870 505 2949; x_wconf 87' lang='lat' dir='ltr'>sceptri,</span> <span class='ocrx_word' id='word_1_200' title='bbox 528 2869 642 2929; x_wconf 87' lang='lat' dir='ltr'>laudem</span> <span class='ocrx_word' id='word_1_201' title='bbox 666 2877 699 2928; x_wconf 93' lang='lat' dir='ltr'>ut</span> <span class='ocrx_word' id='word_1_202' title='bbox 721 2884 788 2927; x_wconf 89' lang='lat' dir='ltr'>curn</span> <span class='ocrx_word' id='word_1_203' title='bbox 811 2865 956 2946; x_wconf 86' lang='lat' dir='ltr'>sanguine</span> <span class='ocrx_word' id='word_1_204' title='bbox 978 2872 1092 2944; x_wconf 89' lang='lat' dir='ltr'>penset.</span> 
     </span>
     <span class='ocr_line' id='line_1_33' title="bbox 133 2951 1018 3034; baseline -0.002 -22"><span class='ocrx_word' id='word_1_205' title='bbox 133 2953 234 3015; x_wconf 85' lang='lat' dir='ltr'>mittor</span> <span class='ocrx_word' id='word_1_206' title='bbox 255 2963 285 3014; x_wconf 91' lang='lat' dir='ltr'>et</span> <span class='ocrx_word' id='word_1_207' title='bbox 306 2953 342 3013; x_wconf 90' lang='lat' dir='ltr'>ad</span> <span class='ocrx_word' id='word_1_208' title='bbox 364 2962 496 3025; x_wconf 85' lang='lat' dir='ltr'>matrem,</span> <span class='ocrx_word' id='word_1_209' title='bbox 519 2972 594 3034; x_wconf 90' lang='lat' dir='ltr'>quae</span> <span class='ocrx_word' id='word_1_210' title='bbox 617 2971 679 3014; x_wconf 94' lang='lat' dir='ltr'>non</span> <span class='ocrx_word' id='word_1_211' title='bbox 701 2951 855 3024; x_wconf 87' lang='lat' dir='ltr'>hortanda,</span> <span class='ocrx_word' id='word_1_212' title='bbox 877 2951 929 3012; x_wconf 91' lang='lat' dir='ltr'>scd</span> <span class='ocrx_word' id='word_1_213' title='bbox 951 2958 1018 3011; x_wconf 89' lang='lat' dir='ltr'>astu</span> 
     </span>
     <span class='ocr_line' id='line_1_34' title="bbox 133 3037 858 3118; baseline -0.001 -21"><span class='ocrx_word' id='word_1_214' title='bbox 133 3037 305 3118; x_wconf 87' lang='lat' dir='ltr'>decipienda</span> <span class='ocrx_word' id='word_1_215' title='bbox 328 3038 391 3098; x_wconf 86' lang='lat' dir='ltr'>luit.</span> <span class='ocrx_word' id='word_1_216' title='bbox 436 3056 494 3116; x_wconf 92' lang='lat' dir='ltr'>quo</span> <span class='ocrx_word' id='word_1_217' title='bbox 516 3040 542 3098; x_wconf 90' lang='lat' dir='ltr'>si</span> <span class='ocrx_word' id='word_1_218' title='bbox 564 3037 755 3100; x_wconf 89' lang='lat' dir='ltr'>Telamonius</span> <span class='ocrx_word' id='word_1_219' title='bbox 777 3037 858 3107; x_wconf 88' lang='lat' dir='ltr'>isset,</span> 
     </span>
    </p>

    <p class='ocr_par' dir='ltr' id='par_1_18' title="bbox 134 3122 861 3184">
     <span class='ocr_line' id='line_1_35' title="bbox 134 3122 861 3184; baseline -0.001 -2"><span class='ocrx_word' id='word_1_220' title='bbox 134 3122 206 3184; x_wconf 89' lang='lat' dir='ltr'>orba</span> <span class='ocrx_word' id='word_1_221' title='bbox 227 3123 288 3184; x_wconf 88' lang='lat' dir='ltr'>suis</span> <span class='ocrx_word' id='word_1_222' title='bbox 310 3131 409 3184; x_wconf 86' lang='lat' dir='ltr'>essent</span> <span class='ocrx_word' id='word_1_223' title='bbox 430 3123 518 3182; x_wconf 89' lang='lat' dir='ltr'>etiarn</span> <span class='ocrx_word' id='word_1_224' title='bbox 542 3140 623 3184; x_wconf 89' lang='lat' dir='ltr'>nnnc</span> <span class='ocrx_word' id='word_1_225' title='bbox 644 3122 734 3184; x_wconf 89' lang='lat' dir='ltr'>lintea</span> <span class='ocrx_word' id='word_1_226' title='bbox 757 3122 861 3183; x_wconf 81' lang='lat' dir='ltr'>ventis.</span> 
     </span>
    </p>

    <p class='ocr_par' dir='ltr' id='par_1_19' title="bbox 133 3206 808 3277">
     <span class='ocr_line' id='line_1_36' title="bbox 133 3206 808 3277; baseline -0.003 -9"><span class='ocrx_word' id='word_1_227' title='bbox 133 3208 235 3268; x_wconf 86' lang='lat' dir='ltr'>mittor</span> <span class='ocrx_word' id='word_1_228' title='bbox 257 3216 285 3268; x_wconf 91' lang='lat' dir='ltr'>et</span> <span class='ocrx_word' id='word_1_229' title='bbox 300 3206 402 3268; x_wconf 88' lang='lat' dir='ltr'>lliacas</span> <span class='ocrx_word' id='word_1_230' title='bbox 423 3207 516 3267; x_wconf 85' lang='lat' dir='ltr'>audax</span> <span class='ocrx_word' id='word_1_231' title='bbox 538 3217 637 3267; x_wconf 89' lang='lat' dir='ltr'>orator</span> <span class='ocrx_word' id='word_1_232' title='bbox 658 3208 694 3267; x_wconf 77' lang='lat' dir='ltr'>acl</span> <span class='ocrx_word' id='word_1_233' title='bbox 716 3225 808 3277; x_wconf 83' lang='lat' dir='ltr'>arces,</span> 
     </span>
    </p>

    <p class='ocr_par' dir='ltr' id='par_1_20' title="bbox 133 3288 929 3372">
     <span class='ocr_line' id='line_1_37' title="bbox 133 3288 929 3372; baseline 0 -22"><span class='ocrx_word' id='word_1_234' title='bbox 133 3293 252 3372; x_wconf 81' lang='lat' dir='ltr'>visaque</span> <span class='ocrx_word' id='word_1_235' title='bbox 274 3304 303 3353; x_wconf 91' lang='lat' dir='ltr'>et</span> <span class='ocrx_word' id='word_1_236' title='bbox 326 3293 431 3353; x_wconf 86' lang='lat' dir='ltr'>intrata</span> <span class='ocrx_word' id='word_1_237' title='bbox 453 3302 497 3353; x_wconf 92' lang='lat' dir='ltr'>est</span> <span class='ocrx_word' id='word_1_238' title='bbox 520 3291 594 3352; x_wconf 86' lang='lat' dir='ltr'>altae</span> <span class='ocrx_word' id='word_1_239' title='bbox 616 3291 687 3352; x_wconf 90' lang='lat' dir='ltr'>mihi</span> <span class='ocrx_word' id='word_1_240' title='bbox 710 3291 792 3353; x_wconf 88' lang='lat' dir='ltr'>curia</span> <span class='ocrx_word' id='word_1_241' title='bbox 812 3288 929 3350; x_wconf 85' lang='lat' dir='ltr'>Troiae.</span> 
     </span>
    </p>
   </div>
   <div class='ocr_carea' id='block_1_3' title="bbox 205 3435 1206 3561">
    <p class='ocr_par' dir='ltr' id='par_1_21' title="bbox 205 3435 1206 3561">
     <span class='ocr_line' id='line_1_38' title="bbox 205 3435 1206 3561; baseline -0.009 -65"><span class='ocrx_word' id='word_1_242' title='bbox 205 3446 251 3496; x_wconf 79' lang='lat' dir='ltr'>tet</span> <span class='ocrx_word' id='word_1_243' title='bbox 270 3440 412 3561; x_wconf 47' lang='lat' dir='ltr'>pereffdaa</span> <span class='ocrx_word' id='word_1_244' title='bbox 468 3443 513 3493; x_wconf 81' lang='grc'>163</span> <span class='ocrx_word' id='word_1_245' title='bbox 532 3447 618 3493; x_wconf 88' lang='lat' dir='ltr'>natum</span> <span class='ocrx_word' id='word_1_246' title='bbox 637 3441 743 3493; x_wconf 89' lang='lat' dir='ltr'>cultuh</span> <span class='ocrx_word' id='word_1_247' title='bbox 789 3446 816 3493; x_wconf 91' lang='lat' dir='ltr'>et</span> <span class='ocrx_word' id='word_1_248' title='bbox 831 3457 883 3492; x_wconf 85' lang='lat' dir='ltr'>om.</span> <span class='ocrx_word' id='word_1_249' title='bbox 896 3440 985 3490; x_wconf 77' lang='lat' dir='ltr'>licius.</span> <span class='ocrx_word' id='word_1_250' title='bbox 1038 3438 1084 3488; x_wconf 88' lang='grc'>169</span> <span class='ocrx_word' id='word_1_251' title='bbox 1102 3435 1206 3488; x_wconf 88' lang='lat' dir='ltr'>dubitas</span> 
     </span>
    </p>
   </div>
   <div class='ocr_carea' id='block_1_4' title="bbox 134 3502 1208 3971">
    <p class='ocr_par' dir='ltr' id='par_1_22' title="bbox 134 3502 1208 3691">
     <span class='ocr_line' id='line_1_39' title="bbox 134 3502 1207 3576; baseline -0.008 -13"><span class='ocrx_word' id='word_1_252' title='bbox 134 3529 170 3563; x_wconf 77' lang='lat' dir='ltr'>cx</span> <span class='ocrx_word' id='word_1_253' title='bbox 188 3509 352 3562; x_wconf 79' lang='lat' dir='ltr'>diuinitasl</span> <span class='ocrx_word' id='word_1_254' title='bbox 425 3513 471 3562; x_wconf 78' lang='grc'>111</span> <span class='ocrx_word' id='word_1_255' title='bbox 496 3508 646 3562; x_wconf 85' lang='lat' dir='ltr'>melenedon</span> <span class='ocrx_word' id='word_1_256' title='bbox 672 3507 876 3576; x_wconf 86' lang='lat' dir='ltr'>crisepbiamquc</span> <span class='ocrx_word' id='word_1_257' title='bbox 900 3514 926 3559; x_wconf 88' lang='lat' dir='ltr'>el</span> <span class='ocrx_word' id='word_1_258' title='bbox 950 3504 1068 3574; x_wconf 85' lang='lat' dir='ltr'>apollinis</span> <span class='ocrx_word' id='word_1_259' title='bbox 1087 3502 1111 3554; x_wconf 85' lang='lat' dir='ltr'>ll</span> <span class='ocrx_word' id='word_1_260' title='bbox 1181 3509 1207 3555; x_wconf 89' lang='lat' dir='ltr'>et</span> 
     </span>
     <span class='ocr_line' id='line_1_40' title="bbox 134 3572 1208 3691; baseline -0.007 -59"><span class='ocrx_word' id='word_1_261' title='bbox 134 3579 287 3649; x_wconf 85' lang='lat' dir='ltr'>apollinish</span> <span class='ocrx_word' id='word_1_262' title='bbox 342 3580 389 3630; x_wconf 83' lang='grc'>111</span> <span class='ocrx_word' id='word_1_263' title='bbox 409 3576 509 3629; x_wconf 85' lang='lat' dir='ltr'>aliashl</span> <span class='ocrx_word' id='word_1_264' title='bbox 561 3576 797 3645; x_wconf 71' lang='lat' dir='ltr'>perqacnyderett</span> <span class='ocrx_word' id='word_1_265' title='bbox 846 3576 958 3645; x_wconf 84' lang='lat' dir='ltr'>possita</span> <span class='ocrx_word' id='word_1_266' title='bbox 1017 3575 1062 3690; x_wconf 57' lang='lat' dir='ltr'>ll?</span> <span class='ocrx_word' id='word_1_267' title='bbox 1078 3572 1208 3691; x_wconf 56' lang='grc' dir='ltr'>Ι1111111111δ</span> 
     </span>
    </p>

    <p class='ocr_par' dir='ltr' id='par_1_23' title="bbox 135 3656 1206 3971">
     <span class='ocr_line' id='line_1_41' title="bbox 1055 3656 1194 3692; baseline -0.014 0"><span class='ocrx_word' id='word_1_268' title='bbox 1055 3668 1061 3680; x_wconf 87' lang='lat'><strong>·</strong></span> <span class='ocrx_word' id='word_1_269' title='bbox 1095 3656 1194 3692; x_wconf 81' lang='lat' dir='ltr'>omines</span> 
     </span>
     <span class='ocr_line' id='line_1_42' title="bbox 136 3707 1161 3782; baseline -0.007 -15"><span class='ocrx_word' id='word_1_270' title='bbox 136 3717 185 3767; x_wconf 82' lang='grc'>189</span> <span class='ocrx_word' id='word_1_271' title='bbox 204 3712 308 3782; x_wconf 80' lang='lat' dir='ltr'>laptahl</span> <span class='ocrx_word' id='word_1_272' title='bbox 369 3715 626 3776; x_wconf 72' lang='grc'>18111111111111111·</span> <span class='ocrx_word' id='word_1_273' title='bbox 678 3713 767 3765; x_wconf 86' lang='lat' dir='ltr'>iubent</span> <span class='ocrx_word' id='word_1_274' title='bbox 784 3712 811 3775; x_wconf 89' lang='lat' dir='ltr'>(b</span> <span class='ocrx_word' id='word_1_275' title='bbox 829 3727 897 3762; x_wconf 75' lang='lat' dir='ltr'>ears</span> <span class='ocrx_word' id='word_1_276' title='bbox 915 3710 958 3760; x_wconf 84' lang='lat' dir='ltr'>ocl</span> <span class='ocrx_word' id='word_1_277' title='bbox 974 3711 1045 3772; x_wconf 82' lang='grc'>11)-</span> <span class='ocrx_word' id='word_1_278' title='bbox 1081 3707 1161 3760; x_wconf 80' lang='lat' dir='ltr'>sortes</span> 
     </span>
     <span class='ocr_line' id='line_1_43' title="bbox 136 3777 1204 3848; baseline -0.005 -14"><span class='ocrx_word' id='word_1_279' title='bbox 136 3781 160 3834; x_wconf 87' lang='lat' dir='ltr'>hl</span> <span class='ocrx_word' id='word_1_280' title='bbox 216 3787 262 3837; x_wconf 88' lang='grc'>188</span> <span class='ocrx_word' id='word_1_281' title='bbox 279 3781 412 3833; x_wconf 89' lang='lat' dir='ltr'>commoda</span> <span class='ocrx_word' id='word_1_282' title='bbox 430 3781 562 3848; x_wconf 80' lang='lat' dir='ltr'>publicae</span> <span class='ocrx_word' id='word_1_283' title='bbox 617 3780 814 3834; x_wconf 74' lang='grc'>1891111111.</span> <span class='ocrx_word' id='word_1_284' title='bbox 835 3778 945 3845; x_wconf 79' lang='lat' dir='ltr'>Bentley</span> <span class='ocrx_word' id='word_1_285' title='bbox 998 3777 1104 3829; x_wconf 74' lang='lat' dir='ltr'>nurnch</span> <span class='ocrx_word' id='word_1_286' title='bbox 1159 3779 1204 3829; x_wconf 86' lang='grc'>191</span> 
     </span>
     <span class='ocr_line' id='line_1_44' title="bbox 135 3844 1206 3919; baseline -0.003 -18"><span class='ocrx_word' id='word_1_287' title='bbox 135 3849 212 3919; x_wconf 88' lang='lat' dir='ltr'>hune]</span> <span class='ocrx_word' id='word_1_288' title='bbox 230 3866 297 3903; x_wconf 89' lang='lat' dir='ltr'>nnnc</span> <span class='ocrx_word' id='word_1_289' title='bbox 314 3849 339 3900; x_wconf 84' lang='lat' dir='ltr'>hl</span> <span class='ocrx_word' id='word_1_290' title='bbox 405 3849 541 3917; x_wconf 78' lang='lat' dir='ltr'>fraterque,</span> <span class='ocrx_word' id='word_1_291' title='bbox 558 3852 587 3900; x_wconf 81' lang='lat' dir='ltr'>in</span> <span class='ocrx_word' id='word_1_292' title='bbox 605 3865 691 3914; x_wconf 78' lang='lat' dir='ltr'>marg.</span> <span class='ocrx_word' id='word_1_293' title='bbox 710 3849 792 3901; x_wconf 81' lang='lat' dir='ltr'>fratris</span> <span class='ocrx_word' id='word_1_294' title='bbox 811 3847 836 3898; x_wconf 86' lang='lat' dir='ltr'>bl</span> <span class='ocrx_word' id='word_1_295' title='bbox 903 3850 951 3900; x_wconf 83' lang='grc'>191</span> <span class='ocrx_word' id='word_1_296' title='bbox 972 3844 1100 3914; x_wconf 82' lang='lat' dir='ltr'>quodsib</span> <span class='ocrx_word' id='word_1_297' title='bbox 1160 3848 1206 3898; x_wconf 81' lang='grc'>195</span> 
     </span>
     <span class='ocr_line' id='line_1_45' title="bbox 135 3917 669 3971; baseline -0.002 -1"><span class='ocrx_word' id='word_1_298' title='bbox 135 3919 212 3970; x_wconf 89' lang='lat' dir='ltr'>etiarn</span> <span class='ocrx_word' id='word_1_299' title='bbox 230 3934 289 3971; x_wconf 88' lang='lat' dir='ltr'>num</span> <span class='ocrx_word' id='word_1_300' title='bbox 308 3917 333 3968; x_wconf 82' lang='lat' dir='ltr'>tl</span> <span class='ocrx_word' id='word_1_301' title='bbox 389 3919 435 3969; x_wconf 80' lang='grc'>191</span> <span class='ocrx_word' id='word_1_302' title='bbox 455 3924 480 3968; x_wconf 90' lang='lat' dir='ltr'>et</span> <span class='ocrx_word' id='word_1_303' title='bbox 498 3921 568 3968; x_wconf 86' lang='lat' dir='ltr'>orata</span> <span class='ocrx_word' id='word_1_304' title='bbox 587 3925 628 3969; x_wconf 82' lang='lat' dir='ltr'>est</span> <span class='ocrx_word' id='word_1_305' title='bbox 645 3917 669 3969; x_wconf 82' lang='lat' dir='ltr'>bl</span> 
     </span>
    </p>
   </div>
   <div class='ocr_carea' id='block_1_5' title="bbox 0 0 1359 4230">
    <p class='ocr_par' dir='ltr' id='par_1_24' title="bbox 0 0 1359 4230">
     <span class='ocr_line' id='line_1_46' title="bbox 0 0 1359 4230; baseline 0 0"><span class='ocrx_word' id='word_1_306' title='bbox 0 0 1359 4230; x_wconf 95' lang='lat' dir='ltr'> </span> 
     </span>
    </p>
   </div>
  </div>
 </body>
</html>
