2692 4230
134 175 207 214 cruca
558 158 624 221 xlv,
644 162 783 215 tat-ass.

134 343 167 397 tu
190 353 309 417 quoque
331 332 427 415 pande
448 339 526 406 tuos,
549 332 688 395 comitum
711 331 883 413 gratissime,
906 350 990 393 casus

137 430 168 483 et
189 421 273 483 ducis
295 429 323 480 et
346 415 460 489 turbae,
482 435 557 498 quae
578 428 674 482 tecum
698 429 743 482 est
764 419 872 481 credita
895 413 1006 498 ponto.³

220 503 333 566 Aeolon
356 500 404 561 illc
426 501 517 564 refert
537 503 634 567 Tusco
656 523 780 584 regnare
800 502 958 586 protunda,

134 589 247 651 Aeolon
272 586 469 667 Hippotaden,
492 589 679 651 cohibentem
702 607 819 650 carcere
839 599 955 650 ventos.

134 693 210 755 quos
232 672 315 734 bovis
336 669 469 735 inclusos
491 684 585 754 tergo,
607 672 795 735 memorabile
817 692 936 751 munus,
1161 685 1204 736 225

133 757 303 820 Dulichium
324 758 485 838 sumpsisse
506 759 610 820 ducem
634 759 763 838 datoque
784 759 915 820 secundo

133 843 250 904 lucibus
272 840 329 900 isse
352 861 457 904 norem
479 852 509 904 et
529 853 635 904 terram
659 841 826 921 adspexisse
847 843 978 922 petitam.

133 926 265 1008 proxima
288 936 357 1006 post
379 945 486 988 nonam
510 945 578 988 cum
600 944 665 987 sese
686 943 790 987 aurora
812 936 951 1000 moveret,

132 1010 240 1071 invidia
263 1011 360 1073 socios
382 1011 567 1092 praedaeque
588 1011 728 1092 cupidine
750 1011 848 1085 victos,

133 1113 198 1156 esse
219 1104 299 1158 ratos
320 1114 436 1170 aurum,
458 1096 619 1177 dempsisse
641 1096 778 1176 ligamina
799 1095 908 1170 rentis;
1160 1107 1204 1159 22)

134 1198 202 1242 cum
226 1180 335 1262 quibus
356 1181 415 1242 isse
437 1190 528 1256 retro,
549 1201 603 1263 pcr
625 1201 698 1262 quas
718 1182 804 1243 modo
826 1191 945 1243 venerat
966 1183 1070 1255 undas,

133 1265 287 1347 Aeoliique
308 1276 399 1328 ratem
423 1276 527 1347 portus
549 1267 689 1348 repetisse
712 1267 835 1347 tyranni.

130 1343 212 1412 ‘inde
234 1351 316 1413 Lami
337 1348 464 1413 veterem
489 1342 706 1431 Laestrygonis'
731 1352 827 1431 inquit
843 1345 888 1412 ‘in
913 1351 1015 1413 urbem

131 1436 275 1497 venimus.
319 1436 495 1516 Antiphates
517 1445 595 1497 terra
617 1434 758 1515 regnabat
779 1436 809 1497 in
832 1435 889 1496 illa.

131 1521 240 1582 missus
262 1520 297 1581 ad
320 1521 400 1581 hunc
422 1537 477 1598 ego
499 1537 575 1593 sum,
598 1537 722 1582 numero
743 1520 902 1582 comitante
924 1521 1059 1595 duorum,
1160 1532 1204 1582 235

131 1605 237 1685 vixque
259 1605 327 1683 luga
351 1605 484 1683 quaesita
506 1604 584 1667 salus
606 1605 765 1685 comitique
785 1605 934 1686 mihique:

131 1691 235 1751 tertius
257 1706 274 1748 e
297 1687 384 1750 nobis
405 1689 614 1770 Laestrygonis
635 1689 714 1771 inpia
737 1690 824 1752 tinxit

132 1792 183 1835 ora
206 1791 312 1835 cruore
333 1792 398 1835 suo.
443 1774 625 1853 fugientibus
646 1775 735 1836 instat
756 1786 785 1836 et
805 1793 910 1852 agmen

131 1858 262 1920 concitat
284 1859 468 1939 Antiphates.
512 1869 621 1921 coeunt
642 1869 671 1921 et
691 1877 758 1922 saxa
780 1858 936 1941 trabesque

132 1943 284 2004 coniciunt
306 1952 506 2024 merguntque
527 1945 605 2007 viros
625 1953 822 2025 merguntque
844 1945 966 2006 carinas.
1160 1957 1204 2009 tto

131 2046 190 2089 una
212 2036 321 2102 tamem
343 2047 418 2108 quae
441 2047 497 2090 nos
519 2030 676 2111 ipsumque
696 2030 819 2092 vehebat
839 2028 955 2102 Ulixen,

131 2113 244 2192 effugit.
287 2113 393 2174 amissa
415 2115 564 2175 sociorum
586 2125 668 2195 parte
690 2112 821 2175 dolentes

130 2197 283 2277 multaque
305 2200 460 2278 conquesti
483 2199 569 2260 terris
589 2198 752 2260 adlabimur
773 2198 840 2273 iltis,

131 2301 204 2362 quas
226 2282 331 2363 procul
353 2283 425 2344 hinc
445 2285 552 2346 cernis.
596 2284 701 2366 procul
722 2284 812 2362 [hinc.
835 2283 905 2345 mihi
929 2285 1025 2361 crede,
1046 2284 1168 2346 ridenda

132 2367 238 2440 insula,
261 2368 320 2428 risa
343 2367 432 2429 mihi:
455 2371 557 2449 tuque]
579 2388 597 2430 o
620 2370 777 2432 iustissime
798 2369 921 2439 Troum,
1159 2381 1203 2432 245

132 2461 200 2514 nate
222 2453 285 2524 dea,
308 2456 418 2532 (neque
440 2453 519 2514 enim
543 2455 625 2515 linito
646 2455 737 2515 Marte
758 2454 907 2514 vocandus

130 2536 224 2598 hostis
246 2555 286 2610 es,
310 2538 430 2612 Aenea.)
453 2556 570 2611 moneo,
592 2539 662 2618 luge
683 2539 768 2600 litora
790 2538 899 2600 Circes.

131 2640 186 2682 nos
209 2640 329 2701 quoque
351 2621 471 2684 (lincaeo
494 2622 613 2701 religata
637 2624 667 2685 in
689 2623 775 2685 litore
796 2624 881 2704 pinu,

130 2707 306 2787 Antiphatae
327 2725 473 2771 memores
495 2709 729 2788 inmansuetique
751 2708 897 2789 Cyclopis,

130 2791 173 2851 ire
197 2790 385 2869 negabamus,
407 2794 457 2854 sed
481 2803 557 2855 tecta
580 2795 680 2872 ignota
702 2794 801 2854 subire

130 2887 210 2937 sorte
233 2895 335 2937 sumus
356 2876 434 2938 lecti.
479 2896 544 2939 sors
565 2897 613 2939 me
635 2879 784 2957 fidumque
806 2876 920 2939 Politen

130 2961 390 3041 Eurylochumque
412 2961 499 3023 simul
522 2963 703 3044 nimiumque
725 2964 870 3042 Elpenora
893 2962 960 3022 vino

129 3045 235 3126 bisque
258 3064 361 3107 uorem
385 3048 482 3109 socios
503 3047 621 3111 Circaea
643 3049 678 3108 ad
701 3048 816 3108 moenia
839 3048 926 3107 misit.

130 3149 206 3211 quae
228 3131 316 3192 simul
337 3133 488 3212 attigimus
510 3135 702 3213 stetimusque
724 3134 753 3193 in
775 3132 878 3193 limine
900 3132 978 3200 tecti,

130 3215 211 3276 mille
233 3214 295 3297 lupi
318 3217 459 3297 mixtique
481 3218 560 3299 lupis
583 3219 703 3298 ursique
725 3217 846 3297 leaeque
1159 3226 1202 3276 255

198 3367 247 3418 att
267 3382 317 3416 one.
335 3365 359 3417 Μ
424 3368 473 3420 225
493 3367 586 3434 quohl
643 3366 741 3420 incluso
757 3367 781 3419 Μ
845 3367 956 3419 inclusas
975 3367 1008 3417 Ιι1
1069 3368 1118 3418 223
1138 3365 1202 3416 inri-

129 3433 224 3485 diaeC
294 3440 418 3500 captosa
487 3439 537 3489 232
559 3443 639 3487 ratem
663 3444 689 3488 et
707 3433 731 3485 Μ
800 3438 849 3488 233
874 3433 932 3485 iude
956 3434 1020 3487 imas
1043 3442 1157 3485 ueterum
1176 3432 1201 3484 Μ

129 3501 258 3553 reterish
311 3502 403 3553 laetam
423 3503 509 3562 (latam
529 3504 555 3565 h)
574 3504 751 3569 cognoscimus
769 3503 894 3555 urbemC
953 3505 1001 3556 234
1021 3502 1145 3553 venimus.
1176 3507 1201 3552 et

128 3570 189 3621 Aut.
208 3570 224 3621 h
272 3572 321 3621 236
340 3569 437 3637 absque
456 3571 473 3622 l.
492 3576 516 3634 (a
536 3580 703 3627 erucem-A
722 3569 745 3621 Μ
799 3574 845 3624 tat
867 3575 890 3632 e]
910 3571 955 3622 aC
1008 3573 1057 3622 233
1076 3571 1112 3636 el]
1132 3569 1199 3620 lnhl

129 3637 383 3704 lldhioc-tuque
398 3641 613 3690 uncinisinchui
658 3639 817 3691 ridenduma
863 3638 1054 3690 ridendaesth
1107 3641 1201 3704 lbdsq.

704 3706 735 3758 ub

129 3772 321 3836 seddlerhel²;
339 3773 415 3825 relC
468 3780 524 3826 ete
577 3778 625 3828 252
644 3775 775 3842 nimium}
793 3775 931 3842 alpheuora
951 3773 1065 3826 binoslll
1119 3775 1202 3825 nimii·

129 3856 180 3907 que
197 3840 336 3908 alphenora
355 3842 441 3898 riuis
493 3846 542 3896 254
560 3843 691 3908 attigimus
709 3843 784 3895 simol
802 3852 855 3910 atq:
873 3843 897 3894 Μ
945 3844 969 3893 iu
988 3842 1104 3894 littores
1152 3845 1201 3893 ast

129 3909 274 3976 mixtaeque
293 3928 305 3958 ε
358 3910 577 3964 mixtae-ursae
596 3912 684 3962 deins.
