2692 4230
73 107 75 112 ’
130 111 176 200 864
588 120 741 175 blll'l'Ablltl.
1007 138 1132 178 nruauas.
1162 141 1204 179 tuo

130 298 191 350 tum
214 291 275 352 lace
297 291 399 355 iactata
419 310 473 374 per
495 288 621 350 eundem
643 289 760 368 saepius
781 293 883 355 orbem

129 375 320 456 consequitur
339 377 427 438 motis
448 371 588 434 velociter
608 371 727 451 ignibus
748 373 841 453 ignes.

129 459 172 521 sic
193 459 295 522 uictrix
316 461 446 540 iussique
468 465 576 537 potens
596 456 633 517 ad
654 456 752 518 inania
773 463 873 539 magni

129 562 220 623 regua
242 545 316 606 redit
338 545 412 605 Ditis
433 549 645 621 sumptumque
665 540 829 620 recingitur
849 565 985 626 anguem.

214 629 353 691 Protinus
374 626 509 687 Aeolides
531 626 626 688 media
647 625 825 689 furibundus
845 629 876 690 in
899 633 965 695 aula

129 713 234 775 clamat
251 707 304 788 ‘io‚
327 711 457 784 comites,
478 709 525 770 bis
546 711 619 772 retia
640 712 752 774 tendite
774 710 868 772 silvis!

128 797 176 860 bic
198 797 284 858 modo
307 814 375 857 cum
397 793 513 874 gemina
534 796 593 856 visa
616 808 661 859 est
681 795 753 858 mihi
775 794 859 876 prole
881 795 1001 863 leaena?

129 891 220 963 utque
242 881 318 941 ierac
340 879 473 958 sequitur
493 880 612 960 vestigia
634 880 770 962 coniugis
790 897 892 942 amens

128 967 223 1046 deque
244 965 311 1024 sinu
333 963 433 1025 matris
454 963 600 1028 ridentem
623 977 653 1029 et
673 985 761 1050 parva
783 964 945 1027 Learchum

128 1048 264 1112 bracchia
285 1048 455 1110 tendentem
477 1051 556 1132 rapit
577 1060 608 1113 et
629 1052 674 1115 bis
694 1060 799 1134 terque
820 1068 875 1132 per
896 1069 982 1112 auras

129 1151 210 1195 more
231 1140 308 1194 rotat
328 1133 436 1196 lundae
457 1135 612 1218 rigidoque
633 1137 756 1200 inlantia
778 1153 847 1198 saxo

128 1216 246 1280 discutit
267 1235 317 1278 ora
340 1219 430 1281 lerox.
474 1230 538 1284 tum
559 1222 687 1304 deniqne
709 1222 824 1284 concita
845 1228 948 1296 mater,

129 1319 181 1363 seu
203 1301 287 1363 dolor
308 1303 366 1366 hoc
387 1305 456 1368 lecit
477 1325 531 1369 seu
552 1309 647 1387 sparsi
669 1326 756 1370 causa
777 1306 893 1380 veneni,

128 1385 256 1449 exululat
278 1389 430 1470 passisque
452 1391 528 1471 fugit
549 1392 624 1453 male
646 1410 717 1454 sana
738 1391 863 1473 capillis,

128 1479 214 1552 teque
236 1474 334 1534 lerens
356 1494 477 1556 parvum
501 1476 596 1550 nudis,
619 1476 779 1550 Melicerta,
801 1475 918 1537 lacertis

124 1549 232 1619 ‘euhoe
254 1554 375 1621 Bacche'
398 1569 494 1622 sonat.
538 1559 645 1621 Bacchi
666 1559 722 1621 sub
745 1559 866 1620 nomine
887 1559 962 1620 luno

126 1643 191 1704 risit
212 1653 242 1704 et
259 1638 328 1705 ‘hos
349 1663 420 1704 usus
442 1652 571 1724 praestet
592 1638 653 1703 tibi’
677 1643 751 1704 dixit
767 1635 937 1703 ‘alumnus’

127 1727 261 1789 imminet
280 1727 458 1807 aequoribus
479 1726 638 1806 scopulus:
661 1745 729 1808 pars
750 1726 808 1787 ima
828 1736 946 1788 cavatur

127 1809 264 1873 fluctibus
286 1821 315 1872 et
338 1821 427 1873 tectas
448 1811 579 1873 defendit
600 1812 635 1873 ab
657 1811 803 1873 imbribus
825 1811 929 1885 undas,

127 1914 239 1958 summa
261 1895 337 1975 riget
358 1896 544 1976 frontemque
566 1897 596 1957 in
619 1905 753 1977 apertum
777 1895 902 1976 porrigit
923 1913 1045 1974 aequor.

127 1989 252 2061 occupat
273 1982 354 2043 hunc
377 1982 465 2058 (uires
486 1980 601 2043 insania
623 1981 743 2058 lecerat)
764 1980 819 2041 lno

126 2084 216 2146 seque
238 2084 328 2146 super
349 2078 474 2147 pontum
497 2067 580 2128 nullu
604 2067 715 2128 tardata
736 2064 842 2127 timore

125 2150 216 2211 mittit
237 2167 372 2231 onusque
394 2170 495 2226 suum;
519 2170 658 2232 percussa
680 2150 833 2212 recanduit
854 2148 944 2210 unda.

125 2244 155 2296 at
175 2234 283 2308 Venus,
306 2235 457 2298 inmeritae
480 2237 578 2316 neptis
599 2236 735 2297 miserata
757 2234 883 2308 labores,

125 2321 168 2380 sic
190 2329 293 2399 patruo
316 2319 446 2382 blandita
468 2340 523 2381 suo
546 2331 610 2382 est:
630 2315 662 2381 ‘u
684 2339 796 2382 numen
818 2335 971 2400 aquarum,

125 2404 257 2486 proxima
278 2405 326 2465 cui
349 2405 430 2466 caelo
453 2407 553 2477 cessit,
574 2406 721 2487 Neptune,
742 2412 881 2486 potestas,

125 2506 230 2568 magna
252 2489 368 2570 quidem
390 2508 493 2571 posco,
516 2492 567 2553 sed
589 2501 621 2553 tu
642 2491 782 2552 miserere
804 2506 948 2562 meorum,

125 2574 224 2635 iactari
246 2592 321 2653 quos
343 2576 440 2637 cernis
462 2577 491 2636 in
515 2576 599 2637 lonio
622 2576 769 2649 inmenso,
830 2631 834 2640 .

125 2669 154 2720 et
176 2658 220 2719 dis
242 2659 315 2720 adde
336 2661 403 2721 tuis.
448 2660 544 2740 aliqua
567 2671 595 2722 et
617 2660 689 2722 mibi
711 2659 804 2740 gratia
826 2668 920 2739 ponto
943 2667 996 2730 est,

124 2745 148 2805 si
170 2754 266 2804 tamen
290 2744 319 2805 in
338 2745 391 2806 dio
414 2747 562 2826 quondam
585 2754 722 2807 concreta
745 2743 892 2824 prolundo

124 2846 228 2910 spuma
249 2829 291 2890 lui
314 2827 492 2912 Graiumque
514 2840 614 2891 manet
635 2831 707 2891 milri
730 2847 840 2891 nomen
861 2828 898 2889 ab
922 2821 991 2888 illa.'

123 2914 226 2976 adnuit
247 2915 343 2976 oranti
364 2915 521 2996 Neptunus
543 2923 573 2976 et
593 2914 713 2977 abstulit
734 2914 793 2975 illis

124 2999 203 3079 quod
225 2999 347 3061 mortale
369 3000 425 3062 luit
446 3000 686 3079 maiestatemque
707 2998 863 3060 verendam

123 3084 264 3164 inposuit,
286 3102 455 3165 nomenque
476 3084 565 3146 simul
586 3085 750 3165 faciemque
772 3081 887 3144 novavit

123 3167 349 3250 Leucothoeque
371 3170 457 3231 deum
481 3187 549 3231 oum
571 3179 663 3230 matre
684 3168 859 3230 Palaemona
882 3165 962 3227 dixit.

191 3318 396 3454 mltjqqqqttql
449 3389 498 3440 51⁴
517 3384 680 3455 modmnm
698 3381 856 3471 (cexdlld.
901 3383 950 3434 517
970 3379 1011 3432 bis
1029 3379 1154 3442 (beau)
1173 3375 1198 3426 Μ

122 3523 371 3644 ⁶²¹q⁵ffi⁸⁵⁸q⁰⁸‘
422 3523 470 3575 523
488 3521 556 3574 culte
573 3519 616 3572 Μί
662 3471 1033 3639 (corr.ian3lt1·er⁸()hqqoel
1066 3513 1198 3645 helioqrea

122 3660 172 3713 525
207 3673 288 3710 unae
338 3660 387 3713 526
404 3663 489 3712 rectas
506 3653 539 3709 2¹
591 3659 640 3711 529
658 3652 792 3710 tardatal
839 3653 985 3706 turbatas
1038 3652 1089 3703 534
1107 3648 1198 3717 ptllsco

122 3796 148 3848 bt
168 3724 337 3876 “wetmqrcqq
354 3792 397 3845 bl¹
448 3795 498 3846 537
517 3797 547 3844 in
561 3807 648 3858 marg.
661 3790 700 3844 Μ’
745 3791 771 3843 in
789 3789 907 3845 medior
941 3734 1095 3839 inmedloll
1147 3786 1197 3839 5³8

99 3863 263 3994 fflsstbbqoe
278 3928 313 3992 M,
331 3934 489 3997 gratumque
506 3923 541 3980 λ’
592 3929 641 3982 542
660 3925 837 3980 leucothoeA
888 3939 940 3992 que
958 3919 1047 3973 orell
