2692 4230
141 143 238 182 444444.
264 144 370 184 nunnus.
396 143 521 182 otomanus
555 126 622 193 tut,
640 129 784 182 400-410.

139 320 244 365 rursus
265 303 341 365 inire
362 304 482 374 iratum,
505 317 611 363 rursus
632 301 702 363 dare
723 301 785 364 vela
809 299 954 364 iubemur.

140 388 343 469 ancipitesque
364 385 424 446 vias
446 392 476 445 et
498 384 553 448 iter
574 386 690 449 Titania
711 397 824 450 vastum

141 473 251 534 dixerat
274 482 305 534 et
326 469 403 531 saevi
424 478 535 533 restare
557 471 687 553 pericula
712 473 806 554 ponti.

140 559 289 639 pertimui,
311 557 415 627 fateor,
437 568 601 639 nactusque
623 556 681 617 hoc
702 556 783 630 litus,
805 551 941 619 adhaesi?
1170 570 1214 621 444

223 642 354 703 Finierat
376 639 536 703 Macareus.
579 659 715 721 urnaque
737 644 846 703 denota
869 642 966 704 nutrix

139 727 256 788 condita
279 742 441 788 marmorea
463 725 579 788 tumulo
601 724 689 786 breve
711 743 828 787 carmen
852 727 994 789 habehat:

136 804 198 873 ‘hic
219 829 267 870 me
289 807 418 872 Caietam
441 821 527 872 notae
549 809 665 890 pietatis
686 808 824 870 alumnus

139 904 267 975 ereptam
291 895 438 973 Argolico,
461 912 520 975 quo
542 893 654 966 debuit,
676 892 744 971 igne
767 890 922 955 cremavit?

138 978 259 1040 solvitur
281 980 408 1042 herboso
430 980 571 1057 religatus
591 977 628 1039 ah
651 995 757 1056 aggere
778 978 867 1052 funis,

138 1073 167 1124 et
189 1064 293 1144 procul
314 1065 436 1127 insidias
457 1064 672 1143 infamataeque
693 1062 865 1143 relinquunt

137 1158 213 1209 tecta
235 1151 307 1212 deae
329 1149 473 1229 lucosque
494 1157 610 1230 petunt,
633 1148 684 1209 ubi
707 1148 827 1210 nubilus
851 1148 952 1210 umhra

137 1233 167 1293 in
190 1253 270 1296 mare
293 1252 361 1296 cum
383 1234 455 1295 tlara
477 1235 646 1315 prorumpit
666 1233 791 1314 Thybris
813 1236 931 1296 harena.

136 1317 382 1398 Faunigenaeque
404 1319 492 1380 domo
515 1319 628 1399 potitur
650 1327 776 1398 nataque
798 1318 905 1390 Latini,

137 1422 197 1464 non
220 1405 284 1466 sine
306 1405 400 1465 Marte
421 1414 528 1465 tamem
572 1402 682 1463 hellum
704 1420 772 1484 pum
794 1414 882 1480 gente
904 1404 995 1466 feroci

136 1490 306 1570 suscipitur,
328 1499 472 1569 pactaque
494 1487 565 1548 furit
587 1505 642 1568 pro
664 1487 792 1566 coniuge
813 1487 943 1549 Turnus.

136 1575 287 1635 concurrit
309 1573 392 1634 Latio
415 1572 579 1652 Tyrrhenia
602 1582 674 1645 tota,
694 1571 805 1653 diuque

135 1659 224 1719 ardua
247 1656 380 1719 sollicitis
400 1657 520 1719 victoria
544 1658 698 1739 quaeritur
717 1657 816 1719 armis.

135 1750 221 1820 auget
242 1753 367 1823 uterque
390 1761 457 1804 suas
479 1752 602 1805 externo
625 1741 732 1805 robore
752 1743 838 1816 vires,

135 1835 163 1887 et
185 1825 270 1888 multi
294 1826 430 1903 Rutulos,
451 1827 536 1888 multi
558 1827 684 1889 Troiana
707 1837 829 1888 tuentur

134 1922 237 1973 castra.
282 1931 379 1992 neque
401 1913 515 1975 Aeneas
536 1913 667 1974 Euandri
689 1913 724 1974 ad
746 1911 863 1973 moenia
889 1912 1006 1988 frustra,

133 2005 164 2057 at
186 1996 317 2058 Venulus
339 1998 447 2058 frustra
470 1997 589 2077 profugi
612 1997 761 2058 Diomedis
782 1998 817 2058 ad
841 1997 944 2057 urbem

133 2092 260 2143 venerat.
306 2081 356 2142 ille
378 2082 496 2162 quidem
519 2081 574 2142 sub
596 2080 704 2162 iapyge
724 2082 847 2142 maxima
870 2081 975 2143 Dauno

132 2167 248 2227 moenia
271 2167 441 2227 condiderat
463 2167 629 2246 dotaliaque
651 2185 717 2227 arva
739 2166 867 2228 tenebat.

133 2252 182 2311 sed
205 2250 337 2312 Venulus
359 2251 453 2312 Turni
476 2262 633 2333 postquam
655 2252 788 2313 mandata
810 2253 925 2332 peregit

132 2335 331 2416 auxiliumque
354 2337 439 2416 petit,
461 2337 538 2397 vires
560 2337 692 2398 Aetolius
713 2337 800 2397 heros

133 2432 266 2482 excusat:
291 2440 346 2482 nec
368 2440 400 2482 se
422 2430 473 2481 aut
494 2421 588 2482 soceri
611 2421 793 2481 committere
815 2437 935 2499 pugnae

130 2503 203 2566 velie
226 2507 271 2566 sui
294 2504 433 2585 populos,
456 2515 507 2567 aut
529 2523 605 2585 quos
626 2523 643 2566 e
666 2515 753 2584 gente
775 2523 897 2565 suorum

132 2602 233 2662 armet,
257 2591 364 2652 hahere
387 2590 474 2651 viros.
515 2585 603 2650 ‘neve
625 2591 697 2651 haec
718 2602 883 2651 commenta
907 2591 1027 2670 putetis,

131 2676 280 2735 admonitu
304 2694 481 2755 quamquam
504 2684 662 2736 renovetur
682 2673 779 2736 luctus
801 2694 927 2748 amarus,

131 2760 280 2839 perpetiar
302 2779 465 2821 memorare
486 2769 595 2821 umen.
641 2770 795 2841 postquam
818 2760 874 2822 alta
897 2772 1023 2822 cremata
1046 2772 1090 2823 est

131 2843 201 2904 liios
221 2855 249 2904 et
273 2843 386 2905 Danaas
408 2856 552 2925 paverunt
574 2846 714 2923 Pergama
736 2845 867 2906 flammas

131 2928 332 3009 Naryciusque
356 2931 453 3003 heros,
477 2949 493 2990 a
516 2930 630 3007 virgine
652 2930 764 3009 virgine
787 2942 878 3010 rapta,

130 3033 216 3092 quam
241 3015 348 3074 meruit
371 3033 495 3094 poenam
519 3015 611 3088 sotus,
634 3016 752 3094 digessit
775 3016 804 3075 in
829 3033 942 3086 omnes,

131 3098 296 3178 spargimur
319 3111 348 3159 et
368 3101 464 3160 ventis
485 3100 603 3160 inimica
628 3119 679 3181 per
701 3119 829 3179 aequora
852 3101 926 3180 rapti
1161 3110 1205 3160 414

130 3298 264 3350 suetudine
288 3318 300 3349 ε
363 3304 410 3352 441
436 3301 573 3367 unaqueC
643 3303 693 3352 ttt
717 3315 858 3351 marmoreo
876 3299 901 3350 11
971 3301 1020 3352 443
1045 3299 1202 3366 4444144411

129 3370 178 3418 445
205 3367 327 3432 religatus
354 3367 429 3419 litore
454 3369 550 3430 (littore
580 3371 598 3421 r'.
615 3367 691 3430 4111
748 3372 796 3420 441
821 3367 973 3419 4414114411
1035 3371 1085 3421 tte
1103 3368 1204 3419 fulvae

130 3438 175 3487 461
203 3442 352 3502 pacataque.
379 3440 407 3486 in
430 3453 515 3501 marg.
538 3435 549 3488 1
572 3443 643 3502 rapta
668 3434 692 3486 11
780 3440 829 3488 466
857 3452 903 3487 neo
930 3455 943 3487 ε
1023 3435 1055 3487 ad
1077 3436 1163 3487 limina
1190 3454 1204 3486 ε

129 3504 178 3553 451
198 3502 299 3566 frustra]
319 3519 435 3570 maguam
454 3503 478 3554 11
540 3504 571 3555 ad
590 3520 691 3556 arcese
754 3509 800 3557 461
822 3504 945 3555 auxilium
964 3503 1077 3571 petiith
1133 3503 1204 3557 auxi·

129 3570 242 3636 liumque
260 3573 325 3637 petit
346 3573 434 3623 Heius.
494 3573 577 3624 eolius
596 3571 620 3623 11
682 3572 781 3624 eholius
799 3572 815 3623 h
877 3576 926 3624 462
945 3578 988 3624 441
1009 3588 1089 3624 onus
1153 3576 1202 3626 463

129 3671 182 3722 suis
199 3672 303 3785 populis
320 3671 344 3723 11
397 3676 451 3736 441]
470 3690 547 3726 neca
607 3678 657 3752 464
677 3645 762 3739 nimos
781 3673 804 3724 11
858 3673 958 3730 uilose
1018 3674 1201 3726 4654644441-

130 3746 181 3789 tum
199 3737 221 3787 .1
286 3740 372 3791 luctus
390 3751 544 3794 renoventur
562 3757 671 3794 amaria
733 3745 784 3794 466
803 3752 861 3808 post
880 3743 966 3793 altuh
1031 3746 1078 3794 461
1099 3742 1201 3794 111441

129 3807 380 3870 14444441144444.
399 3813 427 3860 ira
447 3826 546 3876 inas-ga
565 3809 657 3863 Danais
676 3817 814 3876 patuerunt
832 3809 928 3862 dextris
946 3809 970 3861 11
1024 3809 1119 3862 denaus
1137 3826 1161 3877 p.
1173 3809 1202 3862 P.

127 3873 198 3926 hiras
218 3880 286 3925 corti.
306 3876 409 3927 ,1144141
