2692 4230
153 125 264 163 sacceus
587 109 625 176 ill,
643 110 784 164 558-628.
1185 114 1224 174 67

153 283 271 348 flectere
294 297 323 348 et
345 284 465 346 Oleniae
487 282 570 345 sidus
591 283 714 367 pluviale
736 283 869 366 Capellae

151 368 359 451 Taygetenque
380 367 546 448 hyadasque
568 370 663 433 oculis
682 379 843 451 arctonque
865 366 962 431 notari
1181 384 1225 435 595

150 467 363 535 ventorumque
385 452 487 514 domos
509 466 538 515 et
560 465 664 538 portus
686 454 835 535 puppibus
856 463 950 536 aptos.

149 539 226 602 torte
247 548 352 620 petens
374 536 475 598 Delum
499 540 568 602 Ciae
588 539 701 603 telluris
721 538 757 599 ad
780 556 846 600 oras

148 625 283 707 applicor
304 632 334 683 et
355 622 463 684 dextris
483 626 614 688 adducor
635 624 718 685 litora
742 622 828 682 remis

148 709 246 789 doque
269 706 345 768 leves
359 708 450 770 saltos
471 711 608 791 udaeque.
625 709 757 769 inmittor
777 706 912 767 harenae.

148 811 207 855 nox
229 791 281 852 ubi
303 804 476 875 consumpta
499 806 543 857 est
564 798 680 872 (aurora
702 791 856 852 rubescere
879 791 975 871 primo

147 879 308 957 coeperat),
330 895 454 958 exsurgo
476 880 636 958 laticesque
657 876 765 938 inlerre
786 885 920 939 recentes

146 960 291 1022 admoneo
314 973 507 1045 monstroque
527 964 613 1032 viam,
636 980 709 1042 quae
730 962 817 1025 ducat
837 962 872 1024 ad
895 962 999 1023 undas.

146 1047 219 1127 ipse,
243 1047 312 1127 quid
335 1068 404 1111 aura
426 1050 498 1111 mihi
521 1046 633 1110 tumulo
656 1047 805 1128 promittat
824 1048 861 1108 ab
884 1046 953 1123 alto,

144 1131 296 1213 prospicio
319 1135 499 1214 comitesque
521 1151 593 1193 roco
616 1142 774 1214 repetoque
795 1133 935 1195 carinam.

146 1216 306 1291 ,adsumus
327 1220 398 1280 enl“
422 1219 519 1298 inquit
538 1217 686 1279 sociorum
709 1217 820 1299 primus
836 1215 996 1298 Opheltes,

144 1310 236 1383 utque
257 1312 350 1385 putat,
372 1303 506 1385 praedam
530 1303 645 1365 deserto
669 1313 770 1365 nactus
791 1302 821 1362 in
844 1319 925 1380 agro,

142 1387 272 1468 virginea
294 1405 420 1470 puerum
441 1388 521 1448 ducit
544 1407 597 1469 per
618 1389 701 1449 litora
723 1387 825 1448 lorma.

143 1472 192 1534 ille
213 1491 295 1534 mero
318 1489 481 1552 somnoque
504 1474 599 1552 gravis
621 1471 745 1534 titubare
766 1470 879 1532 videtur

141 1557 247 1638 vixque
269 1557 363 1636 sequi.
406 1567 508 1638 specto
531 1558 644 1620 cultum
667 1556 828 1636 faciemque
848 1556 1047 1637 gradumque:

142 1641 185 1703 nil
205 1641 247 1701 ibi
270 1642 348 1720 quod
372 1642 449 1702 credi
473 1654 569 1724 posset
592 1641 713 1702 mortale
734 1641 875 1702 videbam.

142 1734 171 1787 et
192 1725 273 1787 sensi
295 1736 324 1787 et
344 1727 402 1786 dixi
424 1726 513 1787 sociis
535 1727 635 1806 „quod
658 1745 766 1788 numen
788 1726 820 1788 in
841 1727 899 1787 isto

141 1828 268 1892 corpore
290 1811 336 1885 sit,
359 1810 479 1887 dubito;
502 1813 553 1873 sed
575 1830 700 1892 corpore
722 1829 831 1873 numen
855 1811 886 1872 in
908 1810 965 1872 isto
990 1821 1046 1872 est.
1108 1824 1112 1832 ·

141 1895 275 1977 quisquis
297 1914 339 1975 es,
362 1914 379 1956 o
403 1898 497 1958 faveas
519 1898 685 1978 nostrisque
706 1896 855 1959 laboribus
876 1896 963 1958 adsis.

139 1980 186 2042 bis
207 2000 328 2062 quoque
349 1982 401 2043 des
421 1984 566 2044 veniam.“
612 2001 686 2064 „pro
709 1981 794 2043 nobis
815 1981 897 2042 mitte
919 1981 1053 2062 precari“

139 2065 239 2147 Dictys
260 2066 311 2139 ait,
333 2085 392 2147 quo
415 2087 476 2129 non
498 2069 573 2129 alius
595 2067 793 2128 conscendere
814 2084 944 2128 summas

140 2152 223 2212 ocior
244 2160 398 2213 antemnas
419 2170 587 2232 prensoque
608 2152 731 2212 rudente
753 2150 853 2212 relabi.

138 2237 196 2297 hoc
218 2234 317 2314 Libys,
340 2236 398 2297 hoc
419 2237 519 2312 ssavus,
543 2255 647 2318 prorae
669 2236 767 2311 tutela,
790 2236 967 2309 Melanthus,

137 2321 195 2383 boc
218 2319 324 2400 probat
344 2320 525 2395 Alcimedon,
548 2323 648 2402 etqui
671 2322 861 2403 requiemque
883 2321 1065 2401 modumque

136 2423 209 2466 voce
230 2405 317 2467 dabat
338 2407 427 2468 remis
448 2407 613 2468 animorum
635 2409 765 2469 hortator
787 2406 936 2487 Epopeus,

136 2490 194 2551 boc
216 2509 321 2552 omnes
343 2492 406 2553 alii:
430 2494 554 2573 praedae
575 2503 633 2554 tam
656 2511 740 2554 caeca
762 2492 870 2572 cupido
893 2500 946 2553 est.

136 2593 220 2651 ,non
244 2585 339 2637 umen
363 2577 439 2638 hanc
461 2596 544 2639 sacro
566 2578 666 2638 uiolari
690 2576 819 2656 pondere
843 2576 946 2657 pinum

136 2660 303 2742 perpetiar“
327 2661 401 2722 dixi:
425 2682 514 2743 „pars
535 2663 585 2725 bic
606 2662 676 2723 mihi
699 2661 821 2723 maxima
843 2662 952 2723 iuris“:

134 2745 226 2826 inque
249 2745 327 2807 aditu
351 2746 471 2808 obsisto.
515 2749 586 2808 lurit
606 2747 815 2808 audacissimus
837 2747 918 2808 omui

135 2832 171 2892 de
194 2848 318 2892 numero
340 2831 479 2911 LycabaS,
502 2834 553 2913 qui
575 2833 669 2894 Tusca
692 2832 795 2912 pulsus
816 2833 852 2893 ab
874 2832 948 2893 urbe

135 2915 253 2976 exilium
276 2917 337 2978 dira
360 2936 484 2997 poenam
510 2936 564 2998 pro
588 2918 674 2980 caede
697 2916 803 2978 luebat.

134 3001 159 3061 is
182 3002 264 3074 mihi,
287 3004 357 3062 dum
380 3014 468 3077 resto,
491 3004 617 3064 iuvenali
640 3013 756 3082 guttura
779 3020 879 3082 pugno

134 3087 225 3166 rupit,
248 3097 277 3146 et
300 3106 452 3148 excussum
476 3089 602 3149 misisset
624 3090 653 3148 in
677 3106 813 3167 aequora,
836 3088 860 3147 si
884 3106 944 3147 non

134 3171 303 3245 haesissem,
328 3174 457 3251 quamvis
479 3193 589 3245 amens,
613 3175 642 3234 in
667 3173 736 3234 lune
758 3182 899 3234 retentus.

201 3342 251 3391 594
270 3338 410 3391 llurialeh
480 3344 527 3392 595
548 3340 760 3407 turgentemqb
814 3335 964 3406 lageteql
1034 3341 1084 3390 596
1109 3339 1207 3391 altosl

132 3406 249 3474 aptoslll
311 3410 359 3459 aet
379 3405 488 3459 delon).
534 3410 610 3460 Chiae
628 3410 658 3471 A,
676 3425 723 3459 ene.
742 3410 823 3459 Rothe
886 3410 935 3460 599
960 3406 1070 3472 {udaeq;
1090 3413 1206 3460 imatztor

132 3558 296 3639 (erouallll
368 3563 417 3612 602
436 3562 537 3618 ducite
609 3566 658 3615 613
677 3562 762 3613 sareas
780 3564 824 3624 (ex
842 3561 905 3624 lov.)
923 3560 947 3610 bl
1013 3493 1205 3613 Gulpnnppqep

131 3627 231 3764 {awti
249 3694 260 3746 l
278 3711 379 3763 precare
392 3696 416 3747 lll
469 3697 661 3750 utubictislv
696 3697 877 3750 Proetislll²i.
889 3716 911 3749 r.
952 3699 1001 3749 617
1022 3698 1104 3750 llavus
1122 3706 1148 3753 et
1156 3713 1204 3785 prq

129 3797 210 3850 tutela
228 3796 254 3848 bl
272 3801 312 3859 (in
328 3814 414 3864 marg.
431 3797 441 3850 l
458 3800 565 3866 plutela)
619 3800 699 3851 llaros
719 3808 746 3853 et
764 3799 862 3867 prutela
881 3819 894 3850 a
964 3803 1014 3854 619
1039 3802 1164 3870 enipheus
1189 3797 1205 3851 λ

129 3867 248 3921 624.6’13
267 3866 372 3934 lycabas
391 3868 417 3930 lb
436 3886 471 3919 ex
488 3872 515 3931 u)
534 3867 558 3918 bl
611 3870 661 3922 626
680 3870 782 3920 iuvenili
801 3886 815 3925 ς

970 3958 1008 3994 aa
