2692 4230
140 121 257 160 rcnsnus.
288 125 368 162 aruns
582 108 623 172 IV,
641 110 782 160 573-641.
1177 107 1217 171 89

140 297 201 340 non
225 291 311 362 putet
334 300 399 342 esse
420 277 507 340 loris.
553 297 649 360 neque
672 280 750 341 enim
773 279 846 340 loris
869 295 932 339 osse
955 279 1076 359 putabat
1172 290 1217 343 uto

139 363 257 440 Persea,
281 385 369 448 quem
392 361 492 443 pluvio
516 360 614 426 Danae
635 373 812 447 conceperat
833 382 914 426 auro.

139 468 209 512 mox
230 463 329 514 tamen
352 445 500 509 Acrisium
521 452 613 523 (tanta
635 460 677 511 est
701 450 863 530 praesentia
886 446 956 525 reri)

140 543 197 596 tam
220 536 344 597 violasse
365 531 454 592 deum
477 549 564 612 quam
588 553 648 596 non
670 552 795 613 agnosse
817 544 953 615 nepotem

138 621 285 701 paenitet:
310 615 457 696 inpositus
480 614 536 678 iam
559 618 639 681 caelo
662 627 707 679 est
727 618 809 691 alter,
831 628 859 680 at
880 619 953 681 alter

137 704 248 786 viperei
271 701 404 763 referens
426 700 553 781 spolium
576 701 764 765 memorabile
787 702 909 763 monstri

137 799 204 851 acra
228 784 368 864 carpebat
389 794 524 848 tenerum
547 786 738 849 stridentibus
759 785 820 847 alis.

138 889 266 950 cumque
289 888 380 950 super
401 870 527 951 Libycas
547 872 640 933 victor
661 871 801 951 penderet
822 871 957 945 harenas,

137 955 289 1032 Gorgonei
312 955 418 1035 capitis
440 967 540 1037 guttae
561 956 693 1018 cecidere
715 965 863 1017 cruentae.

137 1058 211 1120 quas
234 1040 343 1102 burnus
365 1051 503 1122 exceptas
524 1041 618 1102 varios
639 1041 776 1102 animavit
798 1042 827 1102 in
849 1058 969 1120 angues.

136 1124 217 1186 unde
240 1125 381 1207 frequens
404 1124 452 1187 ilia
477 1133 522 1187 cst
544 1125 706 1207 infestaque
728 1138 804 1188 terra
826 1125 964 1187 colubris.

136 1209 206 1270 inde
229 1229 283 1292 per
305 1211 475 1272 inmensum
497 1211 591 1272 ventis
612 1212 797 1273 discordibus
818 1220 901 1272 actus

136 1313 218 1356 nuno
240 1298 311 1370 huc,
334 1313 416 1357 nunc
437 1293 510 1355 iiiuc
532 1297 664 1376 exempto
687 1294 774 1358 nubis
796 1314 922 1375 aquosae

135 1380 230 1442 fertur
252 1391 280 1442 ει
303 1398 338 1441 ex
360 1378 420 1441 alto
443 1379 577 1442 seductas
598 1382 715 1442 aethere
737 1381 824 1458 ionge

135 1465 288 1547 despectat
309 1472 404 1525 terras
425 1471 581 1545 totumque
603 1465 769 1547 supervolat
790 1464 899 1527 orbem.

135 1560 183 1612 ter
203 1549 315 1630 gelidas
336 1559 445 1622 arctos,
469 1558 513 1612 ter
533 1551 630 1612 cancri
653 1550 786 1613 bracchia
808 1550 888 1623 vidit,

134 1653 223 1716 saepe
245 1634 301 1695 snb
326 1653 460 1709 occasus,
481 1654 569 1717 saepe
592 1646 635 1697 est
656 1634 769 1698 ablatus
790 1636 820 1696 iu
843 1644 934 1696 ortus.

134 1719 252 1799 iamque
276 1719 399 1781 cadente
421 1720 478 1793 die,
501 1720 610 1782 veritus
631 1740 663 1781 se
684 1721 802 1782 credere
825 1720 914 1793 nocti,

134 1803 267 1865 constitit
290 1803 447 1884 Hesperio,
470 1805 569 1884 regnis
591 1805 726 1879 Atlantis,
747 1805 777 1866 in
800 1804 871 1866 orbe

134 1889 331 1969 exiguamque
352 1888 428 1970 petit
450 1890 594 1970 requiem,
617 1889 686 1952 dum
710 1890 826 1951 Lucifer
847 1889 932 1969 ignes

133 1983 237 2034 evocet
258 1976 401 2049 Aurorae,
425 1993 531 2036 currus
552 1978 665 2037 Aurora
687 1975 817 2038 diurnos.

132 2058 182 2120 hic
203 2059 360 2120 hominum
384 2069 510 2121 cunctos
531 2060 645 2139 ingenti
667 2079 792 2140 corpore
813 2070 963 2140 praestans

132 2143 334 2224 Iapetionides
356 2143 438 2204 Atlas
461 2143 525 2205 suit.
569 2143 670 2207 ultima
694 2144 779 2206 tellus

132 2246 203 2307 rege
225 2228 281 2290 sub
305 2229 362 2290 boc
385 2238 414 2289 ει
435 2238 547 2309 pontus
569 2241 640 2304 erat,
662 2230 711 2311 qui
735 2229 811 2291 Solis
832 2227 947 2290 anhelis

132 2331 262 2393 aequora
285 2312 386 2374 subdit
408 2313 494 2394 equis
515 2324 545 2377 ει
567 2315 658 2376 fessos
680 2315 786 2395 excipit
808 2333 885 2376 axos.

131 2398 213 2459 mille
235 2417 340 2478 greges
362 2398 404 2460 iili
427 2398 609 2481 totidemque
630 2410 758 2462 armenta
782 2419 834 2481 per
856 2397 960 2461 berbas

133 2483 280 2558 errabant,
303 2495 333 2545 ει
353 2486 479 2546 humum
500 2483 605 2547 vicinia
628 2484 707 2546 nnita
729 2484 909 2565 promebant.
951 2556 953 2560 .

131 2568 273 2629 arboreae
296 2569 416 2629 frondes
438 2587 511 2630 auro
533 2570 663 2631 radiante
683 2568 810 2630 nitentes

132 2671 168 2714 ex
190 2671 263 2715 auro
286 2672 394 2728 ramos,
418 2673 452 2714 ex
475 2671 547 2716 auro
570 2672 656 2735 poma
679 2654 824 2733 tegebant

129 2730 275 2820 ‘hospes',
297 2738 336 2800 ait
358 2738 484 2800 Perseus
506 2738 559 2811 illi,
578 2733 643 2800 ‘seu
666 2738 757 2818 gloria
780 2740 874 2820 tangit

131 2833 161 2884 te
184 2823 302 2903 generis
323 2823 433 2900 magni,
457 2823 573 2902 generis
594 2823 664 2885 mihi
686 2824 819 2905 iuppiter
840 2835 958 2899 auctor3
1164 2832 1208 2883 cto

132 2907 193 2968 sire
215 2927 248 2969 es
270 2909 392 2969 mirator
414 2926 525 2981 rerum,
548 2908 691 2970 mirabere
714 2920 836 2970 nostras.

201 3061 251 3111 610
268 3057 345 3109 sieB
399 3058 884 3126 nonputatessedenmdiputeta)
937 3058 1104 3114 ditdaner
1156 3059 1206 3110 613

131 3124 168 3194 at]
187 3132 246 3182 etr
299 3125 547 3194 bidiniectaquea
581 3124 773 3195 iniq'lltaqnei
803 3132 889 3214 ⁸terra
902 3125 926 3176 bi
936 3125 947 3158 ³
964 3128 995 3186 (ι’.
1007 3130 1043 3190 r.)
1094 3124 1206 3177 turbaB

131 3263 182 3315 633
200 3261 303 3313 aethere
322 3261 365 3312 Μ’
383 3265 400 3312 i.
418 3279 442 3312 r.
486 3277 596 3329 aequore
615 3259 669 3313 Βλι
720 3193 854 3331 ΙοῖιξεοΜ
908 3264 957 3314 633
976 3266 1046 3312 sice
1099 3261 1206 3326 registi

131 3399 181 3449 630
200 3355 324 3465 erooeate
385 3413 503 3449 currnse
550 3399 675 3450 cursusd
738 3404 762 3450 et
780 3396 902 3451 aurorai
964 3398 1069 3449 diurnos
1087 3401 1128 3462 (os
1145 3401 1163 3448 i.
1181 3414 1205 3447 r.

130 3480 165 3516 m.
182 3465 210 3529 2)
227 3464 253 3517 M
322 3468 372 3518 631
395 3465 473 3517 eioB
525 3467 662 3518 cunctisd
715 3468 846 3532 (cuncti‘iis
870 3467 905 3532 bi)
975 3468 1024 3584 6312
1048 3467 1099 3518 iam
1123 3466 1207 3534 petio·

130 3547 205 3653 nidos
222 3599 248 3652 M
301 3601 350 3652 fuit
368 3601 464 3653 atissa
516 3604 566 3654 633
585 3599 690 3653 solusi
731 3603 827 3673 solrgs
843 3603 868 3654 bi
925 3607 974 3657 634
993 3598 1099 3655 [exosi
1154 3604 1205 3655 636

130 3733 293 3805 premeballlt
309 3735 335 3787 M
370 3734 536 3804 premebati
570 3669 747 3805 preniebiirte
798 3743 846 3792 63ῖ
866 3741 977 3792 virentes
994 3756 1029 3790 ea
1046 3739 1104 3790 eod.
1119 3739 1206 3789 Bono·

128 3874 219 3922 reiensi
233 3872 375 3923 Bur-anano
444 3875 493 3925 638
516 3804 689 3939 ltseegrgbantli
741 3872 888 3927 terebanti
