2692 4230
93 104 154 168 120
548 114 698 169 ltlE'l'Ablltl.

93 288 123 342 et
144 281 210 345 date
232 282 361 348 Latonae
382 284 627 363 Latonigenisque
648 283 762 346 duobus

93 384 160 427 cum
183 387 271 448 prece
293 380 357 432 tura
379 371 427 450 pia
448 367 588 446 lauroque
609 366 750 430 innectite
772 373 899 435 erineml

93 469 144 513 ore
165 453 365 517 meo-Latona
387 445 488 514 iubet?
531 458 659 530 paretur,
682 460 710 512 et
731 470 834 518 omnes

91 533 255 600 'lbebatdes
276 539 363 600 iussis
384 553 436 596 sua
458 545 589 614 tempora
611 534 763 598 frondibus
785 551 892 603 ornant

92 628 216 703 turaque
237 623 308 685 dant
329 619 438 683 sanctis
460 627 488 680 et
508 619 595 681 verba
617 621 764 700 precantia
786 623 919 689 dammis

91 724 161 768 ecce
182 708 262 770 venit
283 705 423 769 comitum
444 702 537 766 Niobe
559 704 745 767 celeberrima
767 707 862 783 turba,
1114 719 1156 770 tot

89 792 219 855 vestibus
241 795 353 853 intexto
374 788 508 868 Phrygiis
529 790 695 869 spectabilis
716 808 798 866 auro,

92 888 130 953 et,
154 884 296 958 quantum
319 874 360 934 ira
382 872 462 947 sinit,
484 873 625 937 formosa:
647 892 825 954 movensque
846 875 955 939 decoro

90 980 159 1024 cum
182 960 276 1041 capite
297 957 434 1019 inmissos
454 976 588 1021 umerum
610 978 664 1041 per
683 971 840 1039 utrumque
862 961 985 1041 capillos

90 1045 230 1109 constitit.
274 1053 364 1123 utque
386 1042 488 1106 oculos
509 1044 685 1107 circumtulit
706 1046 762 1108 alta
783 1043 938 1124 superbos,

87 1123 167 1210 ‘quis
189 1129 281 1198 turer,
303 1120 424 1190 auditos’
436 1127 546 1211 'inquit
563 1123 758 1211 ‘praeponere
778 1129 847 1191 visis
1112 1143 1157 1194 tto

91 1209 251 1276 caelestes?
273 1223 323 1274 aut
344 1232 397 1275 cur
418 1213 526 1277 colitur
546 1214 657 1278 Latona
678 1227 732 1297 p‘er
753 1234 827 1289 aras,

90 1315 200 1359 numen
224 1297 320 1359 adbuc
340 1298 404 1361 sine
425 1309 491 1362 ture
512 1318 609 1362 meum
632 1298 699 1362 esti
720 1301 792 1363 mibi
815 1297 954 1362 Tantalus
976 1308 1089 1376 auctor,

90 1382 137 1443 cui
160 1381 244 1443 licuit
264 1382 319 1444 soli
341 1403 514 1464 superorum
535 1397 655 1464 tangere
675 1404 801 1459 mensas,

87 1465 238 1528 Pleiadum
261 1486 346 1531 soror
367 1480 412 1531 est
432 1469 564 1549 genetrix
584 1488 658 1543 mea,
680 1471 823 1531 maximus
844 1469 924 1532 Atlas

88 1564 134 1613 est
155 1570 236 1630 avus,
257 1553 417 1616 aetherium
440 1554 491 1634 qui
512 1555 565 1614 tert
588 1555 749 1615 cervicibus
770 1573 863 1626 mem,
1112 1565 1154 1615 115

88 1637 222 1720 luppiter
243 1637 315 1700 alter
335 1656 421 1699 avusr
444 1655 545 1698 socero
568 1655 686 1716 quoque
707 1637 817 1716 glorior
838 1638 899 1698 illo.

87 1741 135 1785 me
157 1732 260 1802 gentes
281 1722 418 1783 dtetuunt
438 1720 588 1800 Pbrygiae,
611 1739 657 1781 me
678 1722 757 1800 regia
780 1721 878 1782 Cadmi

87 1806 142 1868 sub
165 1804 283 1867 domina
305 1816 358 1879 est,
380 1804 545 1885 fidibusque
566 1805 623 1866 mei
646 1806 798 1867 commissa
814 1806 909 1868 mariti

87 1891 203 1952 moenia
226 1909 293 1952 curn
316 1889 434 1972 populis
455 1908 470 1951 a
493 1909 597 1970 meque
618 1890 738 1971 viroque
759 1899 913 1970 reguntur.

88 1976 119 2036 in
142 1993 358 2056 quamcumque
378 1975 483 2036 domus
505 1974 613 2036 adverti
635 1974 745 2036 lumina
768 1985 890 2056 partem,
1110 1985 1153 2038 180

88 2060 239 2121 inmensae
261 2069 431 2140 spectantur
452 2078 533 2139 opes.
576 2061 686 2121 accedit
708 2062 808 2122 eodem

89 2145 176 2224 digna
198 2145 251 2206 dea
274 2144 371 2206 iacies.
414 2145 472 2206 buc
494 2154 574 2206 natas
595 2144 675 2205 adice
696 2156 807 2226 septem

86 2238 117 2291 et
138 2230 258 2291 totidem
281 2229 400 2290 iuvenes
422 2239 452 2291 et
473 2247 540 2290 mox
562 2246 744 2310 generosque
767 2248 928 2310 nurusque.

86 2313 218 2395 quaerite
241 2332 330 2388 nunc,
353 2313 458 2375 habeat
478 2332 564 2394 quant
587 2323 684 2374 nostra
708 2315 843 2396 superbia
865 2315 990 2390 laudem,

86 2400 186 2460 nescio
209 2417 328 2479 quoque
348 2398 454 2461 audete
474 2409 563 2460 satam
584 2399 715 2461 Titanida
738 2400 815 2461 Coeo
1110 2409 1152 2460 185

85 2483 227 2546 Latonam
250 2484 397 2566 praeferre
418 2484 500 2556 mihi,
522 2485 569 2545 cui
590 2485 712 2546 maxima
734 2486 882 2564 quondam

86 2570 220 2649 exiguam
243 2570 340 2630 sedem
364 2569 510 2649 pariturae
531 2580 606 2630 terra
629 2571 751 2648 negavit.

86 2672 141 2714 nec
163 2652 244 2714 caelo
269 2673 324 2715 nec
345 2655 435 2716 humo
458 2672 513 2715 nec
534 2654 617 2734 aquis
637 2655 690 2716 dea
711 2663 806 2715 restra
830 2664 946 2736 recepta
969 2663 1027 2716 est:

87 2739 168 2800 exsul
191 2749 252 2800 erat
273 2739 386 2813 mundi,
408 2739 504 2800 donec
524 2739 656 2800 miserata
677 2748 828 2820 uagantem

87 2823 220 2904 „hospita
244 2833 277 2884 tu
299 2824 385 2885 terris
408 2842 495 2896 erras,
518 2827 592 2903 ego“
614 2825 685 2886 dixit
708 2826 758 2900 „in
783 2824 888 2885 undis“
1108 2832 1151 2883 191)

84 2907 309 2989 instabilemque
330 2908 426 2970 locum
451 2908 538 2969 Delos
558 2909 645 2970 dedit.
689 2908 736 2971 illa
758 2910 884 2970 duorum

85 2994 159 3055 tacta
183 3012 305 3074 parens:
327 2994 403 3055 uteri
426 3012 494 3074 pars
514 2994 586 3055 haec
607 3003 651 3055 est
672 2994 795 3074 septima
818 2993 920 3054 nostri.

85 3096 150 3139 sum
174 3077 258 3139 lelix:
282 3078 347 3158 quis
370 3079 448 3140 enim
471 3088 557 3156 neget
577 3076 655 3139 boc?
677 3080 802 3159 felixque
824 3076 966 3139 manebo:

86 3163 143 3223 boc
166 3181 284 3244 quoque
307 3163 372 3244 quis
392 3160 528 3224 dubitet?
551 3172 639 3224 tutam
661 3183 708 3224 me
729 3163 813 3243 copia
837 3163 914 3224 lecit.

83 3248 176 3309 maior
197 3266 272 3321 sum,
294 3267 381 3329 quam
404 3249 451 3310 eui
473 3249 563 3328 possit
586 3247 714 3310 Fortuna
737 3265 857 3324 nocere,
1107 3254 1149 3305 195

154 3433 202 3483 165
219 3428 292 3482 ried
336 3436 362 3482 ct
378 3447 429 3498 pro
446 3448 502 3482 oar.
521 3432 608 3482 laete
653 3431 835 3483 ereberrimad
889 3431 937 3482 180
956 3428 1147 3496 quacunqueB

83 3499 195 3551 acarde
267 3502 309 3553 181
337 3499 426 3551 eodem
449 3516 518 3550 corr.
536 3498 560 3550 ll
631 3502 677 3552 181
698 3495 781 3551 deo).
853 3499 900 3550 184
919 3496 1061 3549 laudernR
1085 3496 1148 3549 edit.

78 3570 170 3632 princ.
216 3582 351 3624 causatur
406 3569 450 3621 185
469 3567 587 3620 auditelt
632 3567 730 3619 audetis
741 3565 785 3617 Μ’
833 3565 1029 3633 quoquomodo
1047 3564 1148 3617 audetis

83 3634 158 3699 (aude
175 3637 194 3686 i.
211 3637 245 3698 r.)
264 3635 405 3701 genitame
457 3634 596 3704 tytaniall
647 3631 727 3687 ceoi
792 3636 838 3686 199
856 3648 905 3699 ego
922 3631 1012 3685 om.B
1063 3648 1148 3699 supro

81 3701 181 3753 lineam
204 3704 290 3756 adrcr.
315 3702 356 3755 ll·
431 3703 552 3756 edixitB
632 3705 677 3755 191
699 3703 762 3755 baec
785 3708 824 3754 est
846 3717 896 3752 om.
919 3697 951 3752 2¹
1029 3701 1090 3752 odd.
1113 3697 1147 3752 l²

78 3785 210 3856 lscptima
740 3840 746 3851 ,

128 3856 217 3910 ultima
235 3874 248 3906 s
301 3859 348 3910 191
365 3856 464 3909 dubitat
482 3852 497 3907 1
550 3859 597 3910 195
614 3863 702 3924 posset
720 3875 735 3913 e
