2692 4230
128 122 194 161 tems
536 109 578 173 lx,
595 110 738 164 rte-789.

130 281 219 362 dique
240 283 311 344 mihi
335 279 444 352 faciles,
465 277 607 358 quicquid
626 278 755 354 valuere,
776 280 934 356 dederunt3

130 367 270 448 quodque
291 384 357 446 ego,
378 363 439 424 rult
461 363 587 441 genitor,
608 364 671 427 vult
691 365 754 447 ipsa
776 383 920 446 socerque
941 363 1067 426 iuturus.

130 461 160 513 at
182 471 243 515 non
265 450 328 512 vult
349 457 465 522 natura,
486 449 636 529 potentior
657 451 796 514 omnihus
816 451 891 527 istis,

131 555 206 617 quae
228 535 301 597 mihi
322 531 384 594 sola
405 543 502 595 uocet.
544 536 627 597 renit
649 554 719 597 ecce
740 535 869 617 optahile
890 544 1017 618 tempus,
1159 543 1203 596 tou

130 619 239 703 luxque
262 617 367 696 iugalis
388 617 481 694 adest,
502 629 531 681 et
553 621 610 681 iam
632 637 696 680 mea
718 620 770 681 flet
790 620 904 696 Ianthe,
924 655 968 667 —

131 725 187 768 nec
209 703 281 766 mihi
304 701 475 782 continget:
497 705 602 766 mediis
622 703 756 765 sitiemus
778 704 809 765 in
831 706 929 767 undis.

131 787 266 872 pronuba
288 787 360 866 quid
381 786 468 864 luno,
490 790 559 870 quid
582 789 723 861 adhaec,
745 787 924 867 Hymenaee,
946 789 1050 851 venitis
1080 836 1082 842 .

130 892 222 945 sacra,
245 871 354 951 quihus
376 874 427 954 qui
449 875 536 936 ducat
556 872 648 947 abest,
671 871 721 933 ubi
745 871 886 935 nubimus
907 867 1044 934 amhae'l'

130 956 238 1038 pressit
260 956 296 1017 ab
319 957 366 1020 his
386 977 497 1021 vocem.
542 975 597 1019 nec
619 955 716 1017 lenius
737 956 827 1019 altera
849 957 931 1037 virgo
1161 963 1204 1014 roh

130 1051 244 1103 aestuat
268 1051 379 1123 „utque
402 1044 480 1105 celer
501 1042 610 1115 nenias,
631 1041 819 1122 Hymenaee“
843 1052 990 1125 precatur.

133 1126 211 1206 quod
236 1128 310 1208 petit
331 1129 415 1200 haec,
436 1126 593 1189 Telethusa
616 1126 722 1189 timens
744 1128 832 1190 modo
860 1138 990 1209 tempora
1013 1125 1120 1199 dillert,

132 1229 213 1273 nunc
235 1213 303 1274 hcto
326 1213 468 1292 languore
490 1229 603 1272 moram
625 1213 723 1287 trahit,
747 1212 847 1275 omina
872 1231 959 1295 saepe

131 1296 251 1378 visaque
274 1308 420 1359 causatur.
463 1296 515 1357 sed
536 1297 593 1357 iam
616 1307 840 1378 consumpserat
862 1315 981 1359 omnem

131 1383 283 1444 materiam
306 1381 378 1455 ficti,
401 1379 547 1460 dilataque
570 1390 703 1462 tempora
726 1381 826 1443 taedae
1163 1387 1206 1438 πο

133 1467 311 1539 institerant,
334 1483 473 1545 unusque
494 1465 557 1527 dies
578 1465 714 1529 restabat.
758 1476 788 1528 at
809 1465 859 1528 illa

133 1550 275 1613 crinalem
298 1551 387 1631 capiti
409 1551 509 1612 vittam
532 1561 676 1631 nataeque
697 1549 814 1632 sibique

132 1635 260 1699 detrahit
282 1646 312 1696 et
334 1635 429 1716 passis
451 1654 531 1698 aram
552 1635 696 1718 conplexa
719 1634 832 1718 capillis

131 1715 195 1794 ‘lsi,
216 1719 423 1782 Paraetonium
447 1720 663 1800 Mareoticaque
685 1738 752 1782 arra
773 1720 951 1801 Pharonque

132 1823 208 1885 quae
232 1804 306 1867 colis
327 1816 357 1868 et
379 1815 492 1885 septem
514 1804 662 1885 digestum
684 1805 714 1867 in
737 1823 850 1868 cornua
871 1803 984 1867 Nilum:
1165 1811 1208 1864 tto

132 1891 186 1965 ler,
210 1885 336 1971 precor',
360 1890 458 1970 inquit
475 1884 578 1971 ‘opem
600 1898 762 1976 nostroque
783 1891 902 1954 medere
924 1889 1031 1952 timori.

131 1983 171 2048 te,
193 1975 257 2047 dea,
281 1985 309 2037 te
331 1976 482 2056 quondam
504 1985 613 2057 tuaque
635 1977 707 2039 haec
728 1977 857 2055 insignia
878 1974 937 2037 vidi

132 2070 299 2141 cunctaque
322 2061 458 2139 cognovi,
480 2061 610 2123 sonitum
633 2060 862 2141 comitantiaque
884 2078 951 2122 aera

132 2144 298 2217 sistrorum,
320 2144 504 2225 memorique
526 2145 625 2206 animo
649 2157 697 2207 tua
719 2145 798 2208 iussa
821 2143 929 2207 notari

133 2230 212 2309 quod
236 2229 314 2291 ridet
336 2230 410 2291 haec
430 2230 537 2304 lucem,
561 2231 641 2311 quod
664 2249 725 2292 non
748 2248 804 2311 ego
826 2229 946 2312 punior,
969 2245 1037 2290 ecce
1166 2233 1209 2287 τεο

133 2313 291 2375 consilium
314 2332 482 2395 munusque
504 2327 588 2376 tuum
610 2325 663 2377 est.
708 2316 847 2377 miserere
869 2314 993 2376 duarum

133 2398 302 2479 auxilioque
325 2394 408 2460 iura?
454 2399 591 2462 lacrimae
613 2408 683 2461 sunt
705 2399 792 2462 verba
814 2406 941 2462 secutae.

133 2483 193 2544 risa
216 2485 271 2545 dea
293 2493 337 2545 est
359 2485 484 2547 movisse
505 2503 583 2559 suas,
606 2493 636 2547 et
657 2495 798 2559 moverat,
820 2502 896 2559 aras,

135 2578 164 2630 et
187 2567 288 2649 templi
311 2578 459 2632 tremuere
481 2569 569 2643 iores,
592 2569 763 2651 imitataque
785 2568 886 2631 lunam

135 2670 247 2715 cornua
271 2653 428 2728 lulserunt,
451 2655 626 2735 crepuitque
648 2654 782 2716 sonabile
803 2654 933 2716 sistrum.
1165 2659 1209 2712 '185

136 2756 196 2798 non
219 2756 322 2800 secura
344 2738 474 2818 quidem,
497 2740 591 2800 lausto
614 2748 711 2801 tamen
735 2739 834 2800 omine
855 2736 929 2801 laeta

134 2833 227 2884 mater
249 2823 310 2885 abit
332 2824 454 2904 templo.
498 2825 631 2905 sequitur
653 2843 752 2886 comes
774 2823 856 2905 lphis
883 2831 1012 2898 euntem,

136 2924 223 2987 quam
246 2907 330 2969 solita
354 2918 406 2978 est,
431 2909 541 2970 maiore
563 2911 666 2989 gradu.
711 2909 898 2971 neccandor
921 2908 952 2969 in
975 2925 1026 2968 ore

136 3003 289 3073 permanet
311 3002 341 3054 et
362 2994 438 3054 vires
460 3006 616 3073 augentur,
639 3004 668 3056 et
689 2994 785 3056 acrior
807 2993 871 3074 ipse
893 3002 938 3054 est

135 3104 278 3112 w

203 3145 251 3194 tet
272 3104 374 3195 saluere
394 3150 417 3202 ta
436 3162 470 3194 es
487 3147 514 3208 o)
531 3143 555 3195 ll
627 3147 676 3197 758
699 3144 769 3211 ipsae
794 3147 862 3210 (120.
880 3143 946 3211 ipse)
970 3158 1040 3194 corr.
1056 3157 1092 3190 ec
1109 3138 1164 3206 ipsa
1182 3137 1209 3190 hl

926 3225 1022 3261 moram
1039 3207 1102 3260 dat¹

136 3293 208 3328 socer
227 3286 252 3329 et
272 3278 327 3330 vult
345 3280 434 3345 ipses
494 3283 540 3332 761
560 3283 600 3331 ate
617 3279 640 3329 ll
712 3282 762 3332 tos
780 3279 871 3330 hetae
929 3277 1005 3329 trahit
1040 3292 1068 3328 se
1109 3289 1210 3341 somma

136 3348 216 3411 (quae
234 3349 396 3446 intfqpunoei
414 3353 534 3398 correcta
547 3354 609 3398 stent
622 3351 650 3398 in
662 3354 729 3408 ras.)
742 3346 775 3407 tl,
794 3349 870 3398 cuius
887 3350 916 3397 in
928 3362 1015 3412 marg.
1032 3361 1049 3395 a
1065 3360 1099 3394 m.
1112 3347 1127 3394 h
1140 3353 1210 3397 morai

135 3421 289 3533 'llosetcertitt'e¹
315 3483 543 3548 ,lnmnrghrti
562 3481 707 3534 amul!
763 3486 809 3536 ill
830 3479 1003 3549 restahaipthl
1058 3483 1107 3559 'ill
1126 3479 1157 3532 lsi
1175 3480 1210 3569 (si

136 3618 438 3685 t.r·.)-mareotidique
457 3616 553 3670 arrall
606 3622 655 3672 trs
674 3615 842 3686 degestuml
893 3555 1214 3684 liscomitaeffl

136 3689 165 3737 in
183 3701 269 3749 marg.
287 3687 462 3753 comitantiaq:
480 3702 522 3737 era
541 3704 557 3737 α
574 3702 609 3738 m.
626 3685 686 3738 tlt
756 3687 914 3755 comitesque
937 3686 1057 3754 lucesque
1076 3703 1090 3740 r
1110 3753 1117 3765 .
1159 3687 1209 3737 780

136 3822 233 3878 luceru
252 3821 364 3873 thalamo
384 3821 453 3888 quod
465 3837 515 3873 noo
529 3837 577 3887 ego
590 3818 705 3889 penori
756 3837 805 3889 eqo
823 3838 905 3890 ponor
922 3823 948 3874 in
966 3823 1056 3889 ignee
1107 3768 1168 3873 ἓξὲξ
1183 3775 1227 3871 Μι

137 3891 184 3943 tut
204 3892 357 3956 munusque]
377 3892 515 3957 matrisque
534 3887 550 3942 λ
601 3890 749 3957 iussumque
767 3907 780 3941 e
833 3893 882 3944 58³
901 3891 1046 3955 mcr‘isse‘lll
1059 3890 1121 3954 (det.
1134 3885 1212 3949 ntthl
