2692 4230
154 175 277 214 sanonun
294 177 408 217 inuictus
574 161 637 228 xtu,
654 164 798 218 not-ato.

154 333 308 417 primaque
329 343 400 398 sunt
421 332 480 395 illis
500 332 566 393 data
590 344 730 416 tempora,
752 343 846 396 cetera
870 334 962 396 robis.

153 418 230 482 baud
254 421 353 495 timeo,
375 419 400 479 si
422 417 479 478 iam
502 435 645 498 nequeam
668 420 833 495 ostendere,
856 420 968 482 crimen

153 523 219 566 eum
243 514 324 567 tanto
346 519 503 564 commune
524 502 597 564 siro.
641 506 804 586 deprensus
826 505 917 568 Ulixis

153 588 273 670 ingenio
296 600 394 651 tamen
417 584 476 660 ille,
498 596 528 649 at
549 607 609 650 nou
632 590 728 652 Aiacis
749 590 857 652 Ulixes.

151 693 224 736 nere
246 676 276 736 in
299 691 347 735 me
368 668 491 733 stolidae
512 674 642 735 convicia
665 676 787 737 lundene
808 675 926 754 linguae

150 759 329 821 admiremur
351 773 429 830 eum,
450 757 533 819 vobis
555 777 674 839 quoque
695 759 782 837 dIgna
805 762 919 838 pudore

150 844 250 905 obleit.
296 859 333 901 an
357 840 429 902 lals'o
452 841 623 904 Palameden
646 843 769 903 crimine
790 851 878 923 turpe
901 854 945 907 est

148 944 301 989 accusasse
323 925 405 1000 mibi,
427 927 509 988 robis
530 929 683 988 damnasse
709 924 873 987 decorum?

148 1010 198 1072 sed
221 1029 319 1091 neque
341 1012 518 1093 Naupliades
539 1011 653 1071 lacinus
674 1011 829 1072 defendere
851 1019 966 1073 tantum

147 1106 266 1174 tauique
287 1107 392 1177 patens
412 1096 511 1168 valuit,
534 1114 588 1157 nec
610 1114 662 1156 ros
683 1096 806 1157 audistis
827 1095 857 1158 iu
881 1096 931 1157 illo

147 1179 285 1242 erimIna:
309 1181 422 1243 uidistis
443 1189 618 1261 praestoque
641 1180 751 1242 obiecta
775 1181 923 1262 patebant.

147 1282 202 1325 nec
224 1264 423 1328 Poeantiaden
446 1267 524 1346 quod
548 1266 635 1328 habet
655 1266 793 1327 Vulcania
816 1265 955 1342 Lemnos,

146 1366 209 1411 esse
232 1370 301 1412 reus
322 1351 436 1413 merui:
459 1351 567 1412 factum
590 1350 736 1412 defendite
758 1361 896 1420 restrum,

144 1436 339 1497 consensistis
361 1436 450 1498 enim.
495 1453 551 1496 nec
572 1453 619 1495 me
641 1436 766 1496 suasIsse
789 1434 914 1531 negabo,

143 1532 175 1580 ut
197 1538 229 1580 se
250 1520 439 1582 subtraheret
460 1518 590 1597 bellique
609 1520 729 1600 viaeque
750 1518 844 1592 labori

143 1614 355 1686 temptaretque
376 1605 457 1666 ieros
478 1604 580 1684 requie
602 1604 687 1666 linire
708 1603 835 1666 dolores.

143 1689 240 1768 paruit
262 1699 290 1750 et
312 1688 390 1750 vivit.
435 1707 496 1750 non
519 1691 591 1751 haec
613 1689 757 1752 sententia
779 1699 893 1751 tautum

141 1773 208 1845 fida,
231 1774 281 1833 sed
305 1783 333 1836 et
355 1772 435 1848 IeIIr,
456 1792 524 1835 cum
546 1775 585 1835 sit
605 1775 675 1836 satis
696 1793 760 1836 esse
782 1774 908 1836 ddelcm.

115 1862 228 1936 'quem
252 1858 391 1938 quoniam
414 1867 494 1920 vates
515 1858 637 1920 delenda
659 1859 694 1920 ad
718 1858 858 1938 Pergama
881 1867 1019 1940 poscunt,

140 1960 179 2003 ne
201 1944 337 2006 mandate
358 1943 448 2005 mibi:
471 1943 575 2005 melius
596 1942 784 2006 Telamonius
805 1943 859 2005 ibit

141 2027 319 2108 eloquioque
340 2029 436 2089 virum
457 2028 629 2109 morbisque
651 2029 751 2109 Iraque
773 2029 922 2089 Iurentem

139 2112 261 2185 molliet,
283 2123 336 2174 aut
356 2112 453 2193 aliqua
476 2114 619 2193 producet
640 2113 761 2174 callidus
782 2123 854 2173 arte.

139 2207 207 2258 ante
229 2208 308 2258 retro
332 2197 441 2258 Simois
462 2197 535 2258 lluet
555 2206 584 2259 et
605 2199 670 2259 sino
692 2197 845 2259 lrondibus
867 2197 917 2259 Ide

140 2280 229 2342 stabit
251 2294 280 2342 et
301 2283 442 2344 auxillum
465 2283 617 2363 promittet
638 2283 744 2345 Achaia
766 2282 881 2353 Troiae,

140 2384 236 2443 quam,
259 2379 392 2429 cessante
413 2386 480 2427 meo
503 2386 557 2447 pro
579 2369 683 2430 uestris
705 2377 823 2448 pectore
845 2368 945 2440 rebus,

138 2450 235 2511 Aiacis
256 2451 354 2512 stolidi
377 2450 484 2513 Danais
507 2451 634 2513 sollertia
657 2452 758 2533 prosit.

138 2534 178 2594 sis
201 2535 268 2596 licet
290 2536 416 2598 inlestus
438 2536 526 2597 sociis
548 2537 669 2617 regique
690 2536 832 2617 miliique,

137 2619 210 2680 dure
232 2620 405 2694 Philoctete,
427 2620 496 2682 licet
517 2640 667 2683 exsecrere
688 2639 845 2702 meumque

136 2703 277 2766 devoveas
299 2706 364 2768 siue
387 2707 446 2767 due
469 2715 558 2786 caput
578 2707 739 2787 cupiasque
760 2704 871 2766 dolenti

136 2807 183 2850 me
206 2790 257 2851 tibi
280 2791 356 2852 lorte
378 2790 440 2851 dari
463 2801 657 2872 nostrumque
677 2791 794 2852 baurire
817 2806 969 2851 eruoreme

137 2883 165 2933 te
188 2887 283 2936 tamen
307 2876 460 2955 adgrediar
481 2879 667 2957 [mecumque
688 2877 828 2938 reducere
851 2874 937 2951 nitar}

138 2969 255 3039 tamque
278 2961 335 3021 tuis
357 2961 464 3041 potiar,
486 2962 579 3023 laceat
600 2962 741 3029 Fortuna,
763 2959 886 3038 sagittis.

135 3062 222 3122 quarn
244 3063 308 3105 sum
328 3045 485 3118 Dardanio,
507 3065 594 3127 quem
618 3047 693 3127 cepi.
716 3055 778 3106 vate
801 3044 923 3125 potitus,

135 3147 222 3207 quam
245 3149 388 3209 respousa
411 3132 498 3192 deum
521 3131 706 3211 Troianaque
727 3132 784 3192 lata
807 3128 908 3199 retexi,

202 3300 251 3349 302
270 3297 346 3416 inil‘d
411 3296 516 3349 nobise
585 3301 634 3351 303
654 3312 752 3366 nequeo
770 3296 859 3346 licius.
929 3295 978 3347 309
996 3290 1115 3345 decorum
1133 3297 1204 3343 este

349 3381 364 3416 o

132 3435 180 3485 att
206 3434 286 3485 lenire
310 3432 449 3484 laboress
518 3434 663 3497 etesius]
687 3432 784 3487 lacitr
836 3430 936 3480 emend.
955 3426 1082 3488 Ciosoans
1151 3429 1201 3481 322

131 3502 227 3552 morbis
241 3503 329 3551 IIeins.
382 3503 430 3554 329
449 3515 567 3553 execrere
585 3501 600 3551 b
655 3504 715 3553 Post
730 3503 777 3552 331
799 3501 864 3549 Iesse
882 3501 911 3547 in
931 3516 945 3553 ς
963 3498 1104 3561 leguntur:
1121 3503 1201 3562 utque

132 3570 168 3621 tui
187 3569 248 3620 mibi
267 3570 304 3620 sic
321 3567 367 3619 ttae
380 3568 426 3619 tibi
439 3569 513 3635 copia
529 3570 622 3625 nostri:
641 3568 745 3619 addidit
763 3571 792 3618 ia
810 3571 863 3618 sis
881 3569 928 3632 qni
945 3582 961 3614 α
980 3580 1003 3615 e.
1015 3565 1201 3629 dldscripsit:

132 3644 155 3688 te
174 3645 258 3690 tamen
280 3636 421 3703 aggrediar.
456 3636 532 3703 longe
557 3637 690 3688 formidine
714 3636 787 3704 pulsa
811 3634 822 3687 I
845 3634 882 3685 sic
906 3645 1055 3699 mecumque
1080 3631 1201 3683 reducere

131 3706 197 3756 nitar
205 3727 218 3764 ;.
231 3705 321 3756 eadem
340 3704 393 3756 lere
410 3707 439 3767 (t.
458 3710 475 3755 t.
494 3720 517 3756 a.
535 3720 685 3773 mecumque
703 3721 722 3756 r.
740 3709 775 3758 ml
792 3719 863 3754 men.
883 3704 1017 3752 recentior
1033 3703 1062 3748 in
1080 3714 1166 3764 marg.
1183 3699 1200 3751 lt

130 3773 280 3840 adscripsit.
316 3774 414 3825 Priora
432 3773 533 3823 insulsa
550 3790 605 3824 esse
628 3778 653 3823 et
676 3774 785 3834 inficeto
807 3771 1005 3830 demonstroa·i‚·
1027 3783 1131 3818 uersum
1149 3768 1199 3819 333

131 3841 253 3892 Ouidium
272 3838 448 3908 inperfectum
471 3841 610 3908 reliquisse
633 3841 699 3891 uidit
717 3841 839 3890 Heinsius
909 3844 1038 3889 letamen
1059 3834 1200 3902 aggrediar,

130 3908 173 3962 liet
193 3910 239 3961 tibi
260 3909 334 3976 copis
353 3908 433 3960 nostri
453 3909 564 3976 bentley
