2692 4230
134 199 237 237 ιιειιιιοιι
551 184 614 252 11111,
631 187 776 241 052-619.

130 349 283 420 ‘omnibus
305 356 437 429 interior,
461 372 533 434 quas
555 356 681 420 sustinet
703 376 811 421 aureus
833 357 946 432 aether,

135 461 201 504 nam
224 443 296 504 mibi
318 449 388 503 sunt
409 447 504 501 totum
526 442 674 505 rarissima
696 443 807 527 templa
828 461 883 525 per
906 441 1018 516 orbem,

134 528 198 590 diva
220 539 317 590 tamen
340 523 416 599 veni,
439 542 500 586 non
523 537 556 591 ut
577 527 699 590 delubra
721 529 844 610 diesque

134 612 185 674 des
206 611 277 673 mibi
300 609 449 672 sacrificos
471 612 668 694 caliturasque
690 613 811 692 ignibus
832 631 979 677 arasz-
1163 625 1206 677 590

133 698 159 759 si
181 708 277 758 umen
300 693 454 775 adspicias,
477 706 619 778 quantum
641 696 696 758 tibi
719 698 828 760 lomina
850 706 1007 779 praestem,

133 791 195 843 tum
219 797 286 842 oum
308 779 375 840 luce
397 799 473 844 nora
494 782 590 844 noctis
611 781 739 842 confinia
762 799 857 856 servo,

134 865 261 947 praemia
283 864 377 927 danda
399 877 500 948 putes:
522 900 566 912 -
587 865 638 926 sed
661 883 722 926 nou
745 883 778 927 ea
801 884 872 928 cura
895 884 992 947 neque
1014 867 1063 930 bic
1085 877 1129 930 est

134 967 215 1011 nuuc
236 958 328 1011 status
350 953 492 1024 Aurorae,
514 949 636 1011 meritos
657 958 690 1011 ut
712 957 815 1030 poseat
834 950 981 1012 honores:

132 1034 300 1096 Memnonis
323 1035 393 1097 orba
417 1035 475 1096 mei
496 1034 593 1107 renio,
616 1035 667 1114 qui
689 1034 776 1096 fortia
798 1035 906 1098 frustra
1162 1046 1205 1097 505

133 1136 188 1198 pro
211 1128 315 1200 patruo
339 1118 405 1180 tulit
427 1138 507 1181 arma
528 1137 583 1181 suo
605 1119 768 1200 primisque
788 1120 844 1181 sub
867 1120 954 1183 annis

132 1204 241 1266 occidit
262 1224 279 1266 a
301 1203 383 1277 lorti,
405 1203 449 1264 sio
471 1222 523 1266 ros
544 1203 685 1279 voluistis,
707 1204 830 1267 Achille.

132 1289 178 1361 da,
200 1307 316 1370 precor,
339 1289 408 1351 buic
429 1289 567 1371 aliquem,
589 1289 697 1352 solacia
719 1290 833 1365 mortis,
855 1291 1011 1365 bonorem,

131 1391 245 1435 summe
267 1374 355 1435 deum
377 1384 486 1446 rector,
507 1383 697 1454 maternaque
718 1373 842 1436 vulnera
863 1371 943 1437 leni?

131 1457 265 1538 luppiter
285 1459 438 1522 adnuerat.
484 1477 552 1520 cum
574 1457 742 1520 Memnonis
763 1460 873 1521 arduus
895 1461 953 1522 alto

132 1543 244 1604 corruit
266 1544 334 1623 igne
357 1561 447 1622 rogus
469 1543 606 1624 nigrique
627 1543 777 1606 volumina
799 1543 874 1605 lomi

132 1627 260 1690 iniecere
282 1628 370 1700 diem,
393 1627 482 1689 veluti
504 1647 571 1690 oum
594 1628 716 1691 tlumioa
740 1637 824 1691 natas

131 1711 267 1774 exhalant
288 1711 422 1788 nebulas,
445 1732 501 1775 nec
521 1713 567 1775 sol
588 1713 753 1776 admittitur
775 1714 862 1788 inira,

130 1808 191 1859 atra
213 1797 308 1858 isvilla
330 1798 408 1860 volat
430 1799 650 1878 glomerataque
672 1817 782 1880 corpus
804 1799 835 1859 in
858 1817 953 1861 unum

130 1881 270 1943 densetur
291 1883 455 1964 faciemque
477 1884 557 1964 capit
576 1883 726 1964 sumitque
748 1881 877 1945 calorem

130 1978 217 2048 atque
238 1967 366 2029 animam
389 1987 424 2030 ex
447 1968 525 2048 igni;
549 1967 650 2031 levitas
671 1987 724 2032 sua
747 1967 884 2049 praebuit
904 1968 973 2032 alas.

130 2060 160 2112 et
180 2051 277 2132 primo
299 2053 404 2114 similis
424 2052 547 2126 volucri,
568 2071 637 2115 mox
658 2072 725 2116 vera
746 2053 876 2116 volucris

130 2137 262 2198 insonuit
283 2137 400 2218 pennis.
444 2138 555 2219 pariter
575 2156 703 2199 sonuere
730 2156 848 2199 sorores

129 2221 312 2296 innumerae,
335 2222 444 2302 quibus
465 2233 509 2284 est
531 2223 631 2285 eadem
654 2221 760 2285 natalis
781 2222 877 2301 origo.

129 2315 233 2386 terque
255 2325 362 2386 rogum
383 2306 519 2383 lustrant,
543 2316 572 2369 et
593 2325 745 2369 consonus
767 2307 879 2370 exitio
902 2326 988 2371 auras

130 2399 173 2451 ter
194 2390 329 2470 clangor:
353 2402 458 2472 quarto
480 2393 626 2454 seducunt
647 2404 742 2454 castra
763 2391 873 2454 volatu.

129 2483 193 2536 tum
216 2476 274 2537 duo
296 2476 409 2538 diversa
431 2477 535 2558 populi
556 2477 593 2538 de
616 2487 699 2558 parte
721 2477 836 2538 feroces

129 2559 204 2621 bella
226 2571 335 2639 gerunt
356 2562 519 2642 rostrisque
540 2571 569 2623 et
591 2563 714 2623 aduncis
736 2560 889 2641 unguibus
910 2560 968 2622 iras

129 2655 267 2706 exercent
287 2646 407 2727 alasque
428 2647 606 2725 adversaque
629 2657 748 2727 pectora
770 2646 890 2708 lassant.

129 2731 311 2812 inferiaeque
332 2732 442 2794 cadunt
463 2731 556 2793 cineri
579 2741 705 2810 cognata
726 2731 843 2813 sepulto

129 2834 255 2896 corpora
276 2835 367 2896 seque
387 2817 450 2877 viro
473 2817 541 2878 lorti
562 2817 725 2878 meminere
747 2827 869 2878 creatas,

130 2900 320 2980 praepetibus
342 2900 448 2962 subitis
470 2920 577 2963 nomen
601 2902 672 2962 iacit
691 2910 811 2962 auctor:
835 2899 872 2962 ab
894 2898 945 2961 illo

129 2985 331 3046 Memnonides
354 2985 458 3056 dictae,
480 3005 549 3048 cum
570 2988 614 3047 sol
638 2986 773 3048 duodena
796 2984 911 3067 peregit

129 3069 223 3148 signa,
246 3070 389 3150 parentali
412 3070 571 3133 moriturae
594 3090 677 3133 more
699 3070 853 3133 rebellant.

197 3238 244 3288 500
265 3234 375 3304 quaelll
423 3239 473 3288 519
491 3243 520 3288 nt
538 3253 632 3288 non—
599 3236 697 3288 —deis
717 3235 785 3289 nell
842 3235 1007 3300 bovesquee
1057 3234 1201 3286 59051011-

129 3302 185 3355 ficis
202 3301 228 3354 Μ
295 3304 518 3371 caligantesque(
521 3309 634 3356 antesr'.
652 3254 729 3367 mit
799 3301 909 3355 alresh
975 3305 1025 3354 507
1050 3303 1107 3366 ros]
1097 3300 1202 3366 ldiir

129 3373 178 3424 508
198 3369 229 3422 da
247 3370 351 3439 pcnlbl
413 3376 461 3424 601
481 3371 653 3425 ιοΙιιιιιίιιεΜ
715 3374 764 3424 002
783 3368 877 3423 orodi
934 3371 983 3422 603
1001 3370 1127 3422 exalat-
1137 3369 1202 3433 sol
1177 3387 1202 3436 μ

129 3439 253 3490 amittitur
270 3439 295 3491 Μ
364 3444 414 3493 605
434 3439 586 3496 densatur:
650 3439 802 3492 coloremA
870 3435 980 3490 calorem
1000 3438 1089 3490 llam.
1151 3441 1201 3490 606

128 3556 279 3608 animumll
332 3558 441 3609 animam
461 3559 549 3609 Herm.
605 3559 698 3623 igneh
759 3561 807 3612 600
827 3520 972 3624 primtillbl
1033 3558 1102 3619 rere]
1122 3557 1200 3624 prima

129 3624 154 3676 Μ
214 3628 264 3677 010
281 3640 339 3677 cnm
358 3642 468 3679 soonsa
531 3631 578 3680 610
600 3627 744 3694 plangorll
805 3626 930 3693 plangis
989 3626 1096 3691 clangor
1111 3624 1202 3743 ἔθιμα.

1135 3708 1188 3743 nn

129 3758 280 3811 seceduntb
332 3763 381 3814 bil
400 3760 506 3813 aduersa
525 3762 662 3829 pectorab
717 3768 831 3830 tempora
847 3761 944 3814 incunt
957 3759 983 3812 Μ
1035 3762 1084 3812 615
1103 3761 1189 3826 generi

171 3843 271 3911 sepulto
892 3843 1030 3912 parentali
1065 3843 1200 3897 moriture

128 3910 323 3979 -eepoleribl
387 3916 436 3967 617
457 3914 517 3966 iacit
535 3920 625 3966 auctor
642 3914 769 3967 nomenh
822 3915 873 3966 019
892 3912 1058 3981 parentale
1069 3913 1202 3962 mentm
