2692 4230
138 143 274 183 ruasruor
583 130 611 186 ii.
631 134 772 185 489-255.

142 319 199 363 nec
220 311 348 384 prosunt
370 300 506 380 Scythiae
528 319 579 362 sua
601 302 726 382 frigora:
750 304 897 367 Caucasus
918 307 1000 370 ardet

141 385 275 469 Ossaque
297 404 365 449 eum
388 384 483 446 Pindo
505 388 655 468 maiorque
677 390 820 452 ambobus
843 390 986 473 Olympus

135 474 296 554 aeriaeque
317 470 408 550 Alpes
430 478 459 529 et
480 471 597 534 nubifer
617 475 823 554 Appenninus.

139 569 203 622 turn
225 575 295 620 vero
317 555 470 615 Phaethon
493 557 607 620 eunctis
629 577 645 618 e
668 559 798 637 partibus
820 561 921 622 orheru

138 643 245 726 aspicit
266 656 424 702 accensum
449 658 504 702 neo
526 653 623 705 tantos
645 643 769 704 sustinet
789 655 896 719 aestus,

138 731 347 804 ferventesque
370 742 455 785 auras
477 727 592 789 veluto
615 727 734 788 fornace
756 731 901 809 protunda

138 832 192 875 ore
213 809 304 873 trahit
324 827 489 891 currusque
510 831 580 874 suos
603 811 775 874 candescere
797 815 904 890 sentit;

137 909 169 960 et
189 912 288 976 neque
308 893 366 955 iam
390 895 504 958 cineres
526 898 734 976 eiectatamque
756 898 880 960 favillam

139 983 219 1044 ferre
240 989 339 1061 potest
361 980 514 1062 calidoque
536 979 692 1042 involvitur
713 982 842 1063 undique
865 985 956 1058 fumo,

138 1084 260 1148 quoque
282 1075 339 1139 eat,
361 1075 412 1127 aut
435 1067 485 1127 ubi
507 1067 554 1136 sit,
577 1065 657 1146 picea
686 1066 812 1146 caligine
834 1078 928 1131 tectus

137 1150 243 1224 nescit,
265 1159 295 1212 et
316 1150 436 1212 arbitrio
459 1151 609 1211 volucrum
633 1161 765 1232 raptatur
785 1171 940 1233 equorum.

135 1235 283 1316 sanguine
304 1245 368 1298 tum
390 1235 513 1297 credunt
536 1234 565 1296 in
588 1254 711 1317 corpora
734 1255 845 1300 summa
862 1249 963 1301 vocato

136 1320 315 1402 Aethiopum
339 1319 467 1401 populos
489 1319 605 1399 nigrum
627 1322 750 1383 traxisse
772 1322 911 1385 colorem.

137 1417 200 1468 tum
222 1407 298 1469 iacta
321 1413 365 1466 est
388 1403 479 1482 Libye
500 1407 590 1486 raptis
614 1408 765 1468 umoribus
787 1419 867 1469 aestu

134 1493 226 1567 arida,
248 1501 311 1552 tum
335 1490 481 1570 nymphae
503 1492 596 1571 passis
618 1492 774 1571 fontesque
801 1492 941 1573 lacusque

134 1577 279 1640 deflevere
302 1574 413 1636 comis:
437 1575 551 1655 quaerit
572 1576 691 1637 Boeotia
713 1577 830 1647 Dircen,

134 1666 231 1742 Argos
253 1663 449 1738 Amymonen,
472 1660 590 1740 Ephyre
611 1661 761 1724 Pirenidas
784 1665 886 1724 undas.

134 1765 192 1810 nee
213 1744 316 1807 sortita
339 1743 405 1807 loco
424 1745 565 1806 distantes
579 1746 698 1808 flumina
721 1748 800 1827 ripas

133 1843 196 1893 tuta
218 1838 356 1892 manent:
379 1829 484 1890 mediis
505 1828 610 1892 Tanais
631 1832 750 1893 fumavit
773 1832 802 1893 in
826 1833 913 1895 undis

131 1916 311 1996 Peneusque
333 1933 422 1975 senex
445 1914 718 1998 Teuthranteusque
741 1917 845 1980 Caicus

133 2012 164 2063 et
186 2000 266 2063 celer
286 1999 421 2061 Ismenos
442 2018 509 2061 oum
532 2000 675 2081 Phegiaco
698 2003 877 2083 Erymantho

133 2104 315 2166 arsurusque
338 2085 445 2146 iterum
468 2084 600 2147 Xanthus
622 2088 771 2168 flavusque
798 2089 966 2167 Lycormas,

132 2172 245 2254 quique
265 2171 427 2232 recurratis
448 2169 522 2230 ludit
545 2170 718 2234 Maeandrus
746 2175 775 2233 in
799 2174 897 2247 undis,

130 2255 371 2337 Mygdoniusque
392 2254 481 2316 Melas
503 2265 531 2315 et
552 2254 712 2319 Taenarius
734 2259 868 2321 Eurotas.

129 2342 205 2404 arsit
226 2351 256 2402 et
278 2339 444 2421 Euphrates
466 2338 652 2419 Babylonius,
674 2343 746 2405 arsit
769 2343 897 2406 Orontes

129 2426 383 2505 Thermodonque
405 2425 482 2486 citus
503 2423 678 2508 Gangesque
701 2440 730 2490 et
751 2429 852 2490 Phasis
874 2438 903 2490 et
924 2428 1032 2489 Hister.

128 2521 245 2574 aestuat
265 2509 407 2592 Alpheus,
427 2509 508 2591 ripae
530 2509 723 2591 Spercheides
744 2515 858 2586 ardent,

132 2598 274 2679 quodque
295 2613 350 2657 suo
373 2593 470 2674 Tagus
492 2614 578 2657 amne
599 2598 685 2671 vehit,
709 2598 774 2659 ituit
796 2597 925 2677 ignibus,
947 2616 1063 2673 aurum,

130 2697 161 2746 et
182 2701 258 2764 quae
280 2679 430 2742 Maeonias
451 2680 636 2743 reiehrahant
657 2683 786 2745 carmine
807 2684 887 2765 ripas

131 2769 291 2832 flumineae
312 2765 456 2839 volucres,
479 2766 574 2826 medio
597 2768 714 2830 caluere
736 2768 866 2848 Caystro.

128 2855 214 2917 Nilus
235 2853 266 2913 in
290 2859 452 2913 extremum
475 2850 549 2929 sugit
570 2854 741 2932 perterritus
763 2854 864 2915 orbem

130 2937 321 3018 occuluitque
344 2946 442 3018 caput,
466 2936 544 3015 quod
566 2937 660 3000 adhuc
681 2939 766 3000 latet:
796 2939 870 3000 ostia
893 2947 1007 3018 septem
1162 2947 1205 2996 255

197 3109 248 3158 224
267 3106 335 3174 sytiq
356 3104 450 3170 frigora
478 3106 538 3166 (om.
557 3101 649 3169 suatid
713 3107 761 3157 225
789 3100 952 3171 olimphusi
1024 3106 1073 3156 226
1098 3104 1204 3170 appeni-

129 3260 215 3310 uusA
287 3260 338 3311 230
361 3188 477 3324 odrsrdssqz
496 3255 518 3307 Μ
572 3259 681 3309 seusite
750 3260 799 3309 234
818 3196 1000 3308 inedrhitriot
1070 3258 1127 3308 235.
1144 3257 1203 3307 238.

129 3402 222 3446 tuuca
274 3396 325 3447 239
343 3359 522 3444 oeuetttdutere
540 3391 563 3442 hi
625 3395 674 3444 240
691 3393 774 3459 Argus
793 3393 956 3459 a'lpmimoue
974 3391 999 3442 M
1034 3387 1202 3443 armimoued

129 3463 234 3532 nephirq
252 3462 399 3529 phireuides
418 3458 433 3511 t
484 3464 532 3514 att
549 3467 610 3528 post
627 3463 676 3512 242
695 3463 772 3511 hahet
789 3479 802 3510 ε
860 3463 908 3512 243
927 3461 1157 3526 ῐευὶὴηηίίἶίίίιιεῳ
1177 3457 1200 3507 Μ

128 3536 317 3598 teutrauseusq,
336 3527 351 3580 t
383 3529 572 3596 therautheusq
591 3549 603 3579 ε
660 3531 710 3581 244
722 3534 761 3579 stc
773 3547 787 3578 e
799 3532 867 3580 coni.
880 3529 1020 3593 Alerkelii5
1030 3529 1161 3648 phocaieo
1181 3527 1200 3577 Ι)

129 3596 263 3651 iocaieod
316 3601 366 3696 246
384 3597 548 3650 meandrose
582 3594 729 3649 meandert
780 3600 827 3650 247
842 3597 1015 3664 sidoueusque
1080 3597 1162 3648 melax
1177 3594 1201 3644 hi

129 3742 280 3791 tenareuse
315 3691 427 3788 tdnarius
445 3738 469 3798 (a
486 3750 521 3784 ea
533 3736 556 3797 e)
572 3732 597 3784 ht
649 3736 698 3786 243
717 3734 910 3800 thermodoonq;
928 3732 953 3784 M
990 3729 1202 3798 termodoouqi

632 3817 663 3849 '2

127 3888 379 3956 termodouonquee
431 3888 479 3939 252
498 3816 692 3940 ἔρῖεεέξξὴᾞιίλ
727 3886 919 3942 celebraruutr
970 3888 1025 3942 ‘thu
1039 3834 1154 3954 rugitu
