<?xml version="1.0" encoding="UTF-8"?>
<!DOCTYPE html PUBLIC "-//W3C//DTD XHTML 1.0 Transitional//EN"
    "http://www.w3.org/TR/xhtml1/DTD/xhtml1-transitional.dtd">
<html xmlns="http://www.w3.org/1999/xhtml" xml:lang="en" lang="en">
 <head>
  <title>
</title>
<meta http-equiv="Content-Type" content="text/html;charset=utf-8" />
  <meta name='ocr-system' content='tesseract 3.04.00' />
  <meta name='ocr-capabilities' content='ocr_page ocr_carea ocr_par ocr_line ocrx_word'/>
</head>
<body>
  <div class='ocr_page' id='page_1' title='image "./povidinasonisme00korngoog_0215.png"; bbox 0 0 2692 4230; ppageno 0'>
   <div class='ocr_carea' id='block_1_1' title="bbox 106 143 1167 208">
    <p class='ocr_par' dir='ltr' id='par_1_1' title="bbox 106 143 1167 208">
     <span class='ocr_line' id='line_1_1' title="bbox 106 143 1167 208; baseline 0.004 -4"><span class='ocrx_word' id='word_1_1' title='bbox 106 143 165 207; x_wconf 80' lang='lat'><strong>198</strong></span> <span class='ocrx_word' id='word_1_2' title='bbox 537 196 539 201; x_wconf 95' lang='lat'><em>.</em></span> <span class='ocrx_word' id='word_1_3' title='bbox 557 150 711 205; x_wconf 72' lang='lat' dir='ltr'><strong>mauu.</strong></span> <span class='ocrx_word' id='word_1_4' title='bbox 1042 168 1167 208; x_wconf 71' lang='lat' dir='ltr'><strong>umentes</strong></span> 
     </span>
    </p>
   </div>
   <div class='ocr_carea' id='block_1_2' title="bbox 95 320 1167 2769">
    <p class='ocr_par' dir='ltr' id='par_1_2' title="bbox 99 320 1167 1164">
     <span class='ocr_line' id='line_1_2' title="bbox 102 320 1167 406; baseline 0.002 -23"><span class='ocrx_word' id='word_1_5' title='bbox 102 321 309 406; x_wconf 88' lang='lat' dir='ltr'><strong>adpellantque</strong></span> <span class='ocrx_word' id='word_1_6' title='bbox 329 323 450 388; x_wconf 83' lang='lat' dir='ltr'><strong>Lichan.</strong></span> <span class='ocrx_word' id='word_1_7' title='bbox 493 332 523 384; x_wconf 91' lang='lat' dir='ltr'><strong>at</strong></span> <span class='ocrx_word' id='word_1_8' title='bbox 543 331 586 394; x_wconf 93' lang='lat' dir='ltr'><strong>tu,</strong></span> <span class='ocrx_word' id='word_1_9' title='bbox 607 320 684 382; x_wconf 88' lang='lat' dir='ltr'><strong>loris</strong></span> <span class='ocrx_word' id='word_1_10' title='bbox 705 321 803 385; x_wconf 90' lang='lat' dir='ltr'><strong>inclita</strong></span> <span class='ocrx_word' id='word_1_11' title='bbox 827 323 935 405; x_wconf 89' lang='lat' dir='ltr'><strong>proles,</strong></span> <span class='ocrx_word' id='word_1_12' title='bbox 1123 333 1167 385; x_wconf 76' lang='lat' dir='ltr'><strong>tto</strong></span> 
     </span>
     <span class='ocr_line' id='line_1_3' title="bbox 101 405 838 488; baseline 0.003 -21"><span class='ocrx_word' id='word_1_13' title='bbox 101 406 256 470; x_wconf 83' lang='lat' dir='ltr'><strong>arboribus</strong></span> <span class='ocrx_word' id='word_1_14' title='bbox 277 408 378 482; x_wconf 86' lang='lat' dir='ltr'><strong>caesis,</strong></span> <span class='ocrx_word' id='word_1_15' title='bbox 399 405 581 488; x_wconf 69' lang='lat' dir='ltr'><strong>quaeamus</strong></span> <span class='ocrx_word' id='word_1_16' title='bbox 603 413 732 482; x_wconf 76' lang='lat' dir='ltr'><strong>gesserat</strong></span> <span class='ocrx_word' id='word_1_17' title='bbox 755 405 838 480; x_wconf 88' lang='lat' dir='ltr'><strong>Oete,</strong></span> 
     </span>
     <span class='ocr_line' id='line_1_4' title="bbox 101 488 990 575; baseline 0.001 -23"><span class='ocrx_word' id='word_1_18' title='bbox 101 491 192 573; x_wconf 93' lang='lat' dir='ltr'><strong>inque</strong></span> <span class='ocrx_word' id='word_1_19' title='bbox 214 512 312 574; x_wconf 75' lang='lat' dir='ltr'><strong>pyram</strong></span> <span class='ocrx_word' id='word_1_20' title='bbox 334 489 464 563; x_wconf 87' lang='lat' dir='ltr'><strong>structis,</strong></span> <span class='ocrx_word' id='word_1_21' title='bbox 485 504 585 550; x_wconf 91' lang='lat' dir='ltr'><strong>arcum</strong></span> <span class='ocrx_word' id='word_1_22' title='bbox 608 488 834 570; x_wconf 75' lang='lat' dir='ltr'><strong>pharetramque</strong></span> <span class='ocrx_word' id='word_1_23' title='bbox 855 510 990 575; x_wconf 91' lang='lat' dir='ltr'><strong>capacem</strong></span> 
     </span>
     <span class='ocr_line' id='line_1_5' title="bbox 101 572 797 657; baseline -0.004 -20"><span class='ocrx_word' id='word_1_24' title='bbox 101 594 251 657; x_wconf 88' lang='lat' dir='ltr'><strong>regnaque</strong></span> <span class='ocrx_word' id='word_1_25' title='bbox 271 579 382 639; x_wconf 84' lang='lat' dir='ltr'><strong>visuras</strong></span> <span class='ocrx_word' id='word_1_26' title='bbox 403 573 507 634; x_wconf 86' lang='lat' dir='ltr'><strong>iterum</strong></span> <span class='ocrx_word' id='word_1_27' title='bbox 529 572 656 634; x_wconf 82' lang='lat' dir='ltr'><strong>Troiana</strong></span> <span class='ocrx_word' id='word_1_28' title='bbox 678 572 797 650; x_wconf 76' lang='lat' dir='ltr'><strong>sagittas</strong></span> 
     </span>
     <span class='ocr_line' id='line_1_6' title="bbox 101 657 935 739; baseline 0.001 -18"><span class='ocrx_word' id='word_1_29' title='bbox 101 661 177 724; x_wconf 81' lang='lat' dir='ltr'><strong>ierne</strong></span> <span class='ocrx_word' id='word_1_30' title='bbox 197 661 282 723; x_wconf 90' lang='lat' dir='ltr'><strong>iubes</strong></span> <span class='ocrx_word' id='word_1_31' title='bbox 302 661 431 721; x_wconf 84' lang='lat' dir='ltr'><strong>Poeante</strong></span> <span class='ocrx_word' id='word_1_32' title='bbox 451 665 556 732; x_wconf 86' lang='lat' dir='ltr'><strong>saturn,</strong></span> <span class='ocrx_word' id='word_1_33' title='bbox 579 675 638 739; x_wconf 94' lang='lat' dir='ltr'><strong>quo</strong></span> <span class='ocrx_word' id='word_1_34' title='bbox 661 657 775 718; x_wconf 90' lang='lat' dir='ltr'><strong>llamma</strong></span> <span class='ocrx_word' id='word_1_35' title='bbox 800 658 935 722; x_wconf 89' lang='lat' dir='ltr'><strong>ministro</strong></span> 
     </span>
     <span class='ocr_line' id='line_1_7' title="bbox 100 740 1008 825; baseline -0.001 -18"><span class='ocrx_word' id='word_1_36' title='bbox 100 746 224 808; x_wconf 88' lang='lat' dir='ltr'><strong>subdita.</strong></span> <span class='ocrx_word' id='word_1_37' title='bbox 267 744 395 822; x_wconf 92' lang='lat' dir='ltr'><strong>dumque</strong></span> <span class='ocrx_word' id='word_1_38' title='bbox 416 740 506 803; x_wconf 88' lang='lat' dir='ltr'><strong>aridis</strong></span> <span class='ocrx_word' id='word_1_39' title='bbox 527 741 749 824; x_wconf 78' lang='lat' dir='ltr'><strong>comprenditur</strong></span> <span class='ocrx_word' id='word_1_40' title='bbox 770 740 888 819; x_wconf 75' lang='lat' dir='ltr'><strong>ignibus</strong></span> <span class='ocrx_word' id='word_1_41' title='bbox 910 763 1008 825; x_wconf 85' lang='lat' dir='ltr'><strong>agger,</strong></span> 
     </span>
     <span class='ocr_line' id='line_1_8' title="bbox 100 825 836 910; baseline -0.01 -18"><span class='ocrx_word' id='word_1_42' title='bbox 100 831 268 910; x_wconf 87' lang='lat' dir='ltr'><strong>congeriem</strong></span> <span class='ocrx_word' id='word_1_43' title='bbox 289 826 377 889; x_wconf 87' lang='lat' dir='ltr'><strong>silvae</strong></span> <span class='ocrx_word' id='word_1_44' title='bbox 399 825 543 889; x_wconf 85' lang='lat' dir='ltr'><strong>Nemeaeo</strong></span> <span class='ocrx_word' id='word_1_45' title='bbox 564 828 672 890; x_wconf 83' lang='lat' dir='ltr'><strong>vellere</strong></span> <span class='ocrx_word' id='word_1_46' title='bbox 693 843 836 887; x_wconf 88' lang='lat' dir='ltr'><strong>summam</strong></span> 
     </span>
     <span class='ocr_line' id='line_1_9' title="bbox 100 909 836 991; baseline -0.01 -15"><span class='ocrx_word' id='word_1_47' title='bbox 100 915 207 976; x_wconf 89' lang='lat' dir='ltr'><strong>sternis</strong></span> <span class='ocrx_word' id='word_1_48' title='bbox 228 921 258 974; x_wconf 89' lang='lat' dir='ltr'><strong>et</strong></span> <span class='ocrx_word' id='word_1_49' title='bbox 278 910 406 991; x_wconf 89' lang='lat' dir='ltr'><strong>inposita</strong></span> <span class='ocrx_word' id='word_1_50' title='bbox 428 909 523 973; x_wconf 88' lang='lat' dir='ltr'><strong>clarae</strong></span> <span class='ocrx_word' id='word_1_51' title='bbox 545 913 658 975; x_wconf 86' lang='lat' dir='ltr'><strong>cervice</strong></span> <span class='ocrx_word' id='word_1_52' title='bbox 679 909 836 984; x_wconf 86' lang='lat' dir='ltr'><strong>recumbis,</strong></span> 
     </span>
     <span class='ocr_line' id='line_1_10' title="bbox 99 995 799 1075; baseline -0.004 -16"><span class='ocrx_word' id='word_1_53' title='bbox 99 999 175 1061; x_wconf 87' lang='lat' dir='ltr'><strong>baud</strong></span> <span class='ocrx_word' id='word_1_54' title='bbox 198 996 255 1057; x_wconf 92' lang='lat' dir='ltr'><strong>alio</strong></span> <span class='ocrx_word' id='word_1_55' title='bbox 276 995 368 1070; x_wconf 84' lang='lat' dir='ltr'><strong>vultu,</strong></span> <span class='ocrx_word' id='word_1_56' title='bbox 390 996 523 1075; x_wconf 88' lang='lat' dir='ltr'><strong>quamsi</strong></span> <span class='ocrx_word' id='word_1_57' title='bbox 546 998 666 1060; x_wconf 83' lang='lat' dir='ltr'><strong>conviva</strong></span> <span class='ocrx_word' id='word_1_58' title='bbox 687 997 799 1058; x_wconf 89' lang='lat' dir='ltr'><strong>iaceres</strong></span> 
     </span>
     <span class='ocr_line' id='line_1_11' title="bbox 99 1079 797 1164; baseline -0.003 -21"><span class='ocrx_word' id='word_1_59' title='bbox 99 1083 176 1143; x_wconf 89' lang='lat' dir='ltr'><strong>inter</strong></span> <span class='ocrx_word' id='word_1_60' title='bbox 197 1080 284 1160; x_wconf 89' lang='lat' dir='ltr'><strong>plena</strong></span> <span class='ocrx_word' id='word_1_61' title='bbox 306 1079 378 1141; x_wconf 90' lang='lat' dir='ltr'><strong>meri</strong></span> <span class='ocrx_word' id='word_1_62' title='bbox 401 1080 553 1143; x_wconf 89' lang='lat' dir='ltr'><strong>redimitus</strong></span> <span class='ocrx_word' id='word_1_63' title='bbox 575 1083 681 1164; x_wconf 87' lang='lat' dir='ltr'><strong>pocula</strong></span> <span class='ocrx_word' id='word_1_64' title='bbox 702 1080 797 1143; x_wconf 86' lang='lat' dir='ltr'><strong>sertis.</strong></span> 
     </span>
    </p>

    <p class='ocr_par' dir='ltr' id='par_1_3' title="bbox 95 1163 1003 2769">
     <span class='ocr_line' id='line_1_12' title="bbox 182 1163 1003 1244; baseline 0.004 -21"><span class='ocrx_word' id='word_1_65' title='bbox 182 1164 302 1244; x_wconf 91' lang='lat' dir='ltr'><strong>lamque</strong></span> <span class='ocrx_word' id='word_1_66' title='bbox 323 1165 422 1226; x_wconf 85' lang='lat' dir='ltr'><strong>valens</strong></span> <span class='ocrx_word' id='word_1_67' title='bbox 443 1173 473 1227; x_wconf 89' lang='lat' dir='ltr'><strong>et</strong></span> <span class='ocrx_word' id='word_1_68' title='bbox 494 1166 525 1227; x_wconf 93' lang='lat' dir='ltr'><strong>in</strong></span> <span class='ocrx_word' id='word_1_69' title='bbox 548 1185 637 1230; x_wconf 90' lang='lat' dir='ltr'><strong>omne</strong></span> <span class='ocrx_word' id='word_1_70' title='bbox 657 1168 734 1230; x_wconf 88' lang='lat' dir='ltr'><strong>latus</strong></span> <span class='ocrx_word' id='word_1_71' title='bbox 754 1164 859 1228; x_wconf 73' lang='lat' dir='ltr'><strong>diflusa</strong></span> <span class='ocrx_word' id='word_1_72' title='bbox 881 1163 1003 1226; x_wconf 88' lang='lat' dir='ltr'><strong>sonabat</strong></span> 
     </span>
     <span class='ocr_line' id='line_1_13' title="bbox 98 1250 838 1334; baseline 0.001 -24"><span class='ocrx_word' id='word_1_73' title='bbox 98 1265 278 1329; x_wconf 88' lang='lat' dir='ltr'><strong>securosque</strong></span> <span class='ocrx_word' id='word_1_74' title='bbox 299 1257 379 1312; x_wconf 89' lang='lat' dir='ltr'><strong>artus</strong></span> <span class='ocrx_word' id='word_1_75' title='bbox 401 1259 697 1334; x_wconf 81' lang='lat' dir='ltr'><strong>contemptoremque</strong></span> <span class='ocrx_word' id='word_1_76' title='bbox 721 1250 838 1333; x_wconf 90' lang='lat' dir='ltr'><strong>petebat</strong></span> 
     </span>
     <span class='ocr_line' id='line_1_14' title="bbox 99 1334 894 1419; baseline 0 -25"><span class='ocrx_word' id='word_1_77' title='bbox 99 1335 213 1394; x_wconf 91' lang='lat' dir='ltr'><strong>llamrna</strong></span> <span class='ocrx_word' id='word_1_78' title='bbox 235 1352 339 1396; x_wconf 87' lang='lat' dir='ltr'><strong>suurn:</strong></span> <span class='ocrx_word' id='word_1_79' title='bbox 362 1334 486 1398; x_wconf 89' lang='lat' dir='ltr'><strong>timuere</strong></span> <span class='ocrx_word' id='word_1_80' title='bbox 507 1337 555 1398; x_wconf 92' lang='lat' dir='ltr'><strong>dei</strong></span> <span class='ocrx_word' id='word_1_81' title='bbox 577 1356 632 1419; x_wconf 94' lang='lat' dir='ltr'><strong>pro</strong></span> <span class='ocrx_word' id='word_1_82' title='bbox 653 1338 769 1399; x_wconf 85' lang='lat' dir='ltr'><strong>uindice</strong></span> <span class='ocrx_word' id='word_1_83' title='bbox 792 1345 894 1397; x_wconf 87' lang='lat' dir='ltr'><strong>terrae.</strong></span> 
     </span>
     <span class='ocr_line' id='line_1_15' title="bbox 99 1418 826 1497; baseline 0.008 -20"><span class='ocrx_word' id='word_1_84' title='bbox 99 1435 175 1497; x_wconf 90' lang='lat' dir='ltr'><strong>quos</strong></span> <span class='ocrx_word' id='word_1_85' title='bbox 195 1418 234 1480; x_wconf 94' lang='lat' dir='ltr'><strong>ita</strong></span> <span class='ocrx_word' id='word_1_86' title='bbox 256 1420 359 1496; x_wconf 87' lang='lat' dir='ltr'><strong>(sensit</strong></span> <span class='ocrx_word' id='word_1_87' title='bbox 380 1422 471 1494; x_wconf 82' lang='lat' dir='ltr'><strong>enirn)</strong></span> <span class='ocrx_word' id='word_1_88' title='bbox 494 1423 571 1484; x_wconf 89' lang='lat' dir='ltr'><strong>laeto</strong></span> <span class='ocrx_word' id='word_1_89' title='bbox 594 1421 753 1485; x_wconf 89' lang='lat' dir='ltr'><strong>Saturnius</strong></span> <span class='ocrx_word' id='word_1_90' title='bbox 775 1439 826 1483; x_wconf 93' lang='lat' dir='ltr'><strong>ore</strong></span> 
     </span>
     <span class='ocr_line' id='line_1_16' title="bbox 98 1499 985 1585; baseline 0.003 -23"><span class='ocrx_word' id='word_1_91' title='bbox 98 1501 232 1584; x_wconf 89' lang='lat' dir='ltr'><strong>luppiter</strong></span> <span class='ocrx_word' id='word_1_92' title='bbox 252 1504 434 1585; x_wconf 82' lang='lat' dir='ltr'><strong>adloquitur:</strong></span> <span class='ocrx_word' id='word_1_93' title='bbox 455 1499 567 1570; x_wconf 85' lang='lat' dir='ltr'><strong>‘nostra</strong></span> <span class='ocrx_word' id='word_1_94' title='bbox 591 1517 637 1569; x_wconf 90' lang='lat' dir='ltr'><strong>est</strong></span> <span class='ocrx_word' id='word_1_95' title='bbox 657 1506 744 1567; x_wconf 90' lang='lat' dir='ltr'><strong>timor</strong></span> <span class='ocrx_word' id='word_1_96' title='bbox 765 1504 821 1566; x_wconf 88' lang='lat' dir='ltr'><strong>iste</strong></span> <span class='ocrx_word' id='word_1_97' title='bbox 842 1504 985 1585; x_wconf 81' lang='lat' dir='ltr'><strong>voluptas,</strong></span> 
     </span>
     <span class='ocr_line' id='line_1_17' title="bbox 98 1587 879 1671; baseline 0.003 -24"><span class='ocrx_word' id='word_1_98' title='bbox 98 1605 116 1647; x_wconf 92' lang='lat' dir='ltr'><strong>o</strong></span> <span class='ocrx_word' id='word_1_99' title='bbox 138 1587 248 1668; x_wconf 89' lang='lat' dir='ltr'><strong>superi,</strong></span> <span class='ocrx_word' id='word_1_100' title='bbox 269 1597 391 1669; x_wconf 88' lang='lat' dir='ltr'><strong>totoque</strong></span> <span class='ocrx_word' id='word_1_101' title='bbox 410 1589 506 1651; x_wconf 89' lang='lat' dir='ltr'><strong>libens</strong></span> <span class='ocrx_word' id='word_1_102' title='bbox 526 1591 599 1651; x_wconf 91' lang='lat' dir='ltr'><strong>mibi</strong></span> <span class='ocrx_word' id='word_1_103' title='bbox 623 1599 743 1671; x_wconf 88' lang='lat' dir='ltr'><strong>pectore</strong></span> <span class='ocrx_word' id='word_1_104' title='bbox 768 1599 879 1668; x_wconf 84' lang='lat' dir='ltr'><strong>grattu,</strong></span> 
     </span>
     <span class='ocr_line' id='line_1_18' title="bbox 98 1673 921 1754; baseline -0.001 -20"><span class='ocrx_word' id='word_1_105' title='bbox 98 1674 177 1752; x_wconf 94' lang='lat' dir='ltr'><strong>quod</strong></span> <span class='ocrx_word' id='word_1_106' title='bbox 199 1673 338 1734; x_wconf 88' lang='lat' dir='ltr'><strong>memoris</strong></span> <span class='ocrx_word' id='word_1_107' title='bbox 360 1673 461 1754; x_wconf 93' lang='lat' dir='ltr'><strong>populi</strong></span> <span class='ocrx_word' id='word_1_108' title='bbox 484 1673 566 1735; x_wconf 89' lang='lat' dir='ltr'><strong>dicor</strong></span> <span class='ocrx_word' id='word_1_109' title='bbox 587 1682 744 1752; x_wconf 88' lang='lat' dir='ltr'><strong>rectorque</strong></span> <span class='ocrx_word' id='word_1_110' title='bbox 769 1679 921 1752; x_wconf 87' lang='lat' dir='ltr'><strong>paterque,</strong></span> 
     </span>
     <span class='ocr_line' id='line_1_19' title="bbox 98 1756 918 1838; baseline -0.004 -20"><span class='ocrx_word' id='word_1_111' title='bbox 98 1767 128 1819; x_wconf 90' lang='lat' dir='ltr'><strong>et</strong></span> <span class='ocrx_word' id='word_1_112' title='bbox 148 1775 212 1818; x_wconf 88' lang='lat' dir='ltr'><strong>mea</strong></span> <span class='ocrx_word' id='word_1_113' title='bbox 234 1756 391 1837; x_wconf 87' lang='lat' dir='ltr'><strong>progenies</strong></span> <span class='ocrx_word' id='word_1_114' title='bbox 411 1764 508 1818; x_wconf 85' lang='lat' dir='ltr'><strong>restro</strong></span> <span class='ocrx_word' id='word_1_115' title='bbox 531 1774 651 1838; x_wconf 91' lang='lat' dir='ltr'><strong>quoque</strong></span> <span class='ocrx_word' id='word_1_116' title='bbox 665 1766 725 1817; x_wconf 89' lang='lat' dir='ltr'><strong>tuta</strong></span> <span class='ocrx_word' id='word_1_117' title='bbox 748 1756 845 1817; x_wconf 83' lang='lat' dir='ltr'><strong>lavore</strong></span> <span class='ocrx_word' id='word_1_118' title='bbox 866 1765 918 1817; x_wconf 90' lang='lat' dir='ltr'><strong>est.</strong></span> 
     </span>
     <span class='ocr_line' id='line_1_20' title="bbox 98 1839 953 1921; baseline -0.004 -18"><span class='ocrx_word' id='word_1_119' title='bbox 98 1859 165 1903; x_wconf 91' lang='lat' dir='ltr'><strong>uam</strong></span> <span class='ocrx_word' id='word_1_120' title='bbox 190 1858 365 1920; x_wconf 90' lang='lat' dir='ltr'><strong>quamquam</strong></span> <span class='ocrx_word' id='word_1_121' title='bbox 387 1839 479 1921; x_wconf 87' lang='lat' dir='ltr'><strong>ipsius</strong></span> <span class='ocrx_word' id='word_1_122' title='bbox 501 1840 587 1904; x_wconf 87' lang='lat' dir='ltr'><strong>datur</strong></span> <span class='ocrx_word' id='word_1_123' title='bbox 606 1843 664 1903; x_wconf 93' lang='lat' dir='ltr'><strong>boc</strong></span> <span class='ocrx_word' id='word_1_124' title='bbox 685 1839 854 1902; x_wconf 89' lang='lat' dir='ltr'><strong>inmanibus</strong></span> <span class='ocrx_word' id='word_1_125' title='bbox 872 1840 953 1914; x_wconf 89' lang='lat' dir='ltr'><strong>actis,</strong></span> 
     </span>
     <span class='ocr_line' id='line_1_21' title="bbox 98 1923 921 2006; baseline -0.001 -19"><span class='ocrx_word' id='word_1_126' title='bbox 98 1923 213 2003; x_wconf 86' lang='lat' dir='ltr'><strong>obligor</strong></span> <span class='ocrx_word' id='word_1_127' title='bbox 233 1925 297 2005; x_wconf 92' lang='lat' dir='ltr'><strong>ipse</strong></span> <span class='ocrx_word' id='word_1_128' title='bbox 318 1936 426 1987; x_wconf 89' lang='lat' dir='ltr'><strong>tamen.</strong></span> <span class='ocrx_word' id='word_1_129' title='bbox 470 1924 521 1987; x_wconf 85' lang='lat' dir='ltr'><strong>scd</strong></span> <span class='ocrx_word' id='word_1_130' title='bbox 544 1926 624 1988; x_wconf 88' lang='lat' dir='ltr'><strong>euim</strong></span> <span class='ocrx_word' id='word_1_131' title='bbox 648 1945 685 1987; x_wconf 89' lang='lat' dir='ltr'><strong>ne</strong></span> <span class='ocrx_word' id='word_1_132' title='bbox 706 1935 826 2006; x_wconf 90' lang='lat' dir='ltr'><strong>pectora</strong></span> <span class='ocrx_word' id='word_1_133' title='bbox 846 1943 921 1986; x_wconf 81' lang='lat' dir='ltr'><strong>rano</strong></span> 
     </span>
     <span class='ocr_line' id='line_1_22' title="bbox 97 2009 861 2092; baseline -0.001 -22"><span class='ocrx_word' id='word_1_134' title='bbox 97 2010 155 2071; x_wconf 86' lang='lat' dir='ltr'><strong>lida</strong></span> <span class='ocrx_word' id='word_1_135' title='bbox 176 2018 256 2071; x_wconf 90' lang='lat' dir='ltr'><strong>metu</strong></span> <span class='ocrx_word' id='word_1_136' title='bbox 279 2020 412 2092; x_wconf 84' lang='lat' dir='ltr'><strong>paveant,</strong></span> <span class='ocrx_word' id='word_1_137' title='bbox 433 2010 504 2072; x_wconf 92' lang='lat' dir='ltr'><strong>istas</strong></span> <span class='ocrx_word' id='word_1_138' title='bbox 524 2011 693 2092; x_wconf 90' lang='lat' dir='ltr'><strong>despernite</strong></span> <span class='ocrx_word' id='word_1_139' title='bbox 714 2009 861 2072; x_wconf 88' lang='lat' dir='ltr'><strong>llammasi</strong></span> 
     </span>
     <span class='ocr_line' id='line_1_23' title="bbox 98 2094 855 2177; baseline 0.003 -24"><span class='ocrx_word' id='word_1_140' title='bbox 98 2094 196 2156; x_wconf 85' lang='lat' dir='ltr'><strong>omnia</strong></span> <span class='ocrx_word' id='word_1_141' title='bbox 218 2095 268 2175; x_wconf 92' lang='lat' dir='ltr'><strong>qui</strong></span> <span class='ocrx_word' id='word_1_142' title='bbox 289 2095 367 2169; x_wconf 80' lang='lat' dir='ltr'><strong>vicit,</strong></span> <span class='ocrx_word' id='word_1_143' title='bbox 388 2095 495 2170; x_wconf 83' lang='lat' dir='ltr'><strong>vincet,</strong></span> <span class='ocrx_word' id='word_1_144' title='bbox 518 2114 593 2177; x_wconf 91' lang='lat' dir='ltr'><strong>quos</strong></span> <span class='ocrx_word' id='word_1_145' title='bbox 614 2095 745 2175; x_wconf 85' lang='lat' dir='ltr'><strong>cernitis,</strong></span> <span class='ocrx_word' id='word_1_146' title='bbox 770 2095 855 2174; x_wconf 89' lang='lat' dir='ltr'><strong>ignes</strong></span> 
     </span>
     <span class='ocr_line' id='line_1_24' title="bbox 98 2178 847 2262; baseline 0 -22"><span class='ocrx_word' id='word_1_147' title='bbox 98 2198 153 2240; x_wconf 92' lang='lat' dir='ltr'><strong>nec</strong></span> <span class='ocrx_word' id='word_1_148' title='bbox 175 2178 231 2240; x_wconf 90' lang='lat' dir='ltr'><strong>nisi</strong></span> <span class='ocrx_word' id='word_1_149' title='bbox 254 2188 384 2241; x_wconf 89' lang='lat' dir='ltr'><strong>materna</strong></span> <span class='ocrx_word' id='word_1_150' title='bbox 407 2179 570 2241; x_wconf 90' lang='lat' dir='ltr'><strong>Vulcanum</strong></span> <span class='ocrx_word' id='word_1_151' title='bbox 593 2191 677 2261; x_wconf 90' lang='lat' dir='ltr'><strong>parte</strong></span> <span class='ocrx_word' id='word_1_152' title='bbox 697 2188 847 2262; x_wconf 90' lang='lat' dir='ltr'><strong>potentem</strong></span> 
     </span>
     <span class='ocr_line' id='line_1_25' title="bbox 97 2264 961 2344; baseline -0.001 -19"><span class='ocrx_word' id='word_1_153' title='bbox 97 2264 222 2325; x_wconf 86' lang='lat' dir='ltr'><strong>sentiet:</strong></span> <span class='ocrx_word' id='word_1_154' title='bbox 243 2273 394 2326; x_wconf 89' lang='lat' dir='ltr'><strong>aeteruum</strong></span> <span class='ocrx_word' id='word_1_155' title='bbox 418 2274 462 2326; x_wconf 90' lang='lat' dir='ltr'><strong>est</strong></span> <span class='ocrx_word' id='word_1_156' title='bbox 483 2283 500 2326; x_wconf 89' lang='lat' dir='ltr'><strong>a</strong></span> <span class='ocrx_word' id='word_1_157' title='bbox 521 2282 569 2326; x_wconf 89' lang='lat' dir='ltr'><strong>me</strong></span> <span class='ocrx_word' id='word_1_158' title='bbox 590 2265 670 2344; x_wconf 91' lang='lat' dir='ltr'><strong>quod</strong></span> <span class='ocrx_word' id='word_1_159' title='bbox 693 2264 781 2327; x_wconf 84' lang='lat' dir='ltr'><strong>traxit</strong></span> <span class='ocrx_word' id='word_1_160' title='bbox 802 2273 831 2326; x_wconf 92' lang='lat' dir='ltr'><strong>et</strong></span> <span class='ocrx_word' id='word_1_161' title='bbox 857 2281 961 2344; x_wconf 84' lang='lat' dir='ltr'><strong>expers</strong></span> 
     </span>
     <span class='ocr_line' id='line_1_26' title="bbox 98 2348 910 2431; baseline -0.002 -21"><span class='ocrx_word' id='word_1_162' title='bbox 98 2358 185 2429; x_wconf 88' lang='lat' dir='ltr'><strong>atque</strong></span> <span class='ocrx_word' id='word_1_163' title='bbox 207 2348 329 2410; x_wconf 89' lang='lat' dir='ltr'><strong>inmune</strong></span> <span class='ocrx_word' id='word_1_164' title='bbox 351 2349 432 2410; x_wconf 89' lang='lat' dir='ltr'><strong>necis</strong></span> <span class='ocrx_word' id='word_1_165' title='bbox 456 2349 595 2431; x_wconf 88' lang='lat' dir='ltr'><strong>nullaque</strong></span> <span class='ocrx_word' id='word_1_166' title='bbox 616 2349 762 2412; x_wconf 82' lang='lat' dir='ltr'><strong>domabile</strong></span> <span class='ocrx_word' id='word_1_167' title='bbox 785 2349 910 2410; x_wconf 87' lang='lat' dir='ltr'><strong>damma.</strong></span> 
     </span>
     <span class='ocr_line' id='line_1_27' title="bbox 96 2433 838 2513; baseline 0.003 -20"><span class='ocrx_word' id='word_1_168' title='bbox 96 2433 184 2513; x_wconf 85' lang='lat' dir='ltr'><strong>idque</strong></span> <span class='ocrx_word' id='word_1_169' title='bbox 207 2451 261 2512; x_wconf 89' lang='lat' dir='ltr'><strong>ego</strong></span> <span class='ocrx_word' id='word_1_170' title='bbox 284 2434 455 2495; x_wconf 87' lang='lat' dir='ltr'><strong>delunotum</strong></span> <span class='ocrx_word' id='word_1_171' title='bbox 477 2443 554 2496; x_wconf 88' lang='lat' dir='ltr'><strong>terra</strong></span> <span class='ocrx_word' id='word_1_172' title='bbox 577 2434 751 2497; x_wconf 90' lang='lat' dir='ltr'><strong>caelestibus</strong></span> <span class='ocrx_word' id='word_1_173' title='bbox 777 2434 838 2495; x_wconf 89' lang='lat' dir='ltr'><strong>oris</strong></span> 
     </span>
     <span class='ocr_line' id='line_1_28' title="bbox 95 2519 849 2599; baseline 0.001 -21"><span class='ocrx_word' id='word_1_174' title='bbox 95 2519 246 2598; x_wconf 89' lang='lat' dir='ltr'><strong>accipiam,</strong></span> <span class='ocrx_word' id='word_1_175' title='bbox 269 2520 443 2599; x_wconf 92' lang='lat' dir='ltr'><strong>cunctisque</strong></span> <span class='ocrx_word' id='word_1_176' title='bbox 463 2536 564 2581; x_wconf 90' lang='lat' dir='ltr'><strong>meum</strong></span> <span class='ocrx_word' id='word_1_177' title='bbox 586 2519 719 2581; x_wconf 87' lang='lat' dir='ltr'><strong>laetabile</strong></span> <span class='ocrx_word' id='word_1_178' title='bbox 742 2519 849 2580; x_wconf 87' lang='lat' dir='ltr'><strong>lactum</strong></span> 
     </span>
     <span class='ocr_line' id='line_1_29' title="bbox 96 2602 907 2684; baseline -0.001 -20"><span class='ocrx_word' id='word_1_179' title='bbox 96 2602 141 2664; x_wconf 91' lang='lat' dir='ltr'><strong>dis</strong></span> <span class='ocrx_word' id='word_1_180' title='bbox 162 2605 225 2665; x_wconf 86' lang='lat' dir='ltr'><strong>lore</strong></span> <span class='ocrx_word' id='word_1_181' title='bbox 246 2603 373 2664; x_wconf 85' lang='lat' dir='ltr'><strong>confido.</strong></span> <span class='ocrx_word' id='word_1_182' title='bbox 416 2604 509 2684; x_wconf 87' lang='lat' dir='ltr'><strong>siquis</strong></span> <span class='ocrx_word' id='word_1_183' title='bbox 532 2612 631 2665; x_wconf 90' lang='lat' dir='ltr'><strong>tamen</strong></span> <span class='ocrx_word' id='word_1_184' title='bbox 653 2602 791 2671; x_wconf 85' lang='lat' dir='ltr'><strong>Hercule,</strong></span> <span class='ocrx_word' id='word_1_185' title='bbox 813 2602 907 2683; x_wconf 87' lang='lat' dir='ltr'><strong>siquis</strong></span> 
     </span>
     <span class='ocr_line' id='line_1_30' title="bbox 96 2687 853 2769; baseline 0 -21"><span class='ocrx_word' id='word_1_186' title='bbox 96 2689 171 2749; x_wconf 88' lang='lat' dir='ltr'><strong>lorte</strong></span> <span class='ocrx_word' id='word_1_187' title='bbox 193 2688 248 2748; x_wconf 88' lang='lat' dir='ltr'><strong>deo</strong></span> <span class='ocrx_word' id='word_1_188' title='bbox 271 2688 415 2749; x_wconf 88' lang='lat' dir='ltr'><strong>doliturus</strong></span> <span class='ocrx_word' id='word_1_189' title='bbox 437 2689 502 2762; x_wconf 88' lang='lat' dir='ltr'><strong>erit,</strong></span> <span class='ocrx_word' id='word_1_190' title='bbox 524 2689 590 2749; x_wconf 88' lang='lat' dir='ltr'><strong>data</strong></span> <span class='ocrx_word' id='word_1_191' title='bbox 612 2688 740 2769; x_wconf 92' lang='lat' dir='ltr'><strong>praemia</strong></span> <span class='ocrx_word' id='word_1_192' title='bbox 764 2687 853 2759; x_wconf 88' lang='lat' dir='ltr'><strong>nolet,</strong></span> 
     </span>
    </p>
   </div>
   <div class='ocr_carea' id='block_1_3' title="bbox 95 2768 899 3276">
    <p class='ocr_par' dir='ltr' id='par_1_4' title="bbox 95 2768 899 3276">
     <span class='ocr_line' id='line_1_31' title="bbox 96 2768 854 2853; baseline 0 -19"><span class='ocrx_word' id='word_1_193' title='bbox 96 2773 145 2834; x_wconf 88' lang='lat' dir='ltr'><strong>sed</strong></span> <span class='ocrx_word' id='word_1_194' title='bbox 170 2773 311 2833; x_wconf 86' lang='lat' dir='ltr'><strong>meruisse</strong></span> <span class='ocrx_word' id='word_1_195' title='bbox 332 2773 394 2833; x_wconf 91' lang='lat' dir='ltr'><strong>dari</strong></span> <span class='ocrx_word' id='word_1_196' title='bbox 416 2774 489 2834; x_wconf 89' lang='lat' dir='ltr'><strong>sciet</strong></span> <span class='ocrx_word' id='word_1_197' title='bbox 509 2773 677 2853; x_wconf 86' lang='lat' dir='ltr'><strong>inritusque</strong></span> <span class='ocrx_word' id='word_1_198' title='bbox 699 2768 854 2853; x_wconf 69' lang='lat' dir='ltr'><strong>probabit?</strong></span> 
     </span>
     <span class='ocr_line' id='line_1_32' title="bbox 95 2857 878 2938; baseline -0.003 -20"><span class='ocrx_word' id='word_1_199' title='bbox 95 2857 251 2918; x_wconf 88' lang='lat' dir='ltr'><strong>adsensere</strong></span> <span class='ocrx_word' id='word_1_200' title='bbox 271 2858 333 2918; x_wconf 85' lang='lat' dir='ltr'><strong>dei:</strong></span> <span class='ocrx_word' id='word_1_201' title='bbox 357 2857 486 2918; x_wconf 84' lang='lat' dir='ltr'><strong>coniunx</strong></span> <span class='ocrx_word' id='word_1_202' title='bbox 507 2875 628 2938; x_wconf 90' lang='lat' dir='ltr'><strong>qnoque</strong></span> <span class='ocrx_word' id='word_1_203' title='bbox 649 2858 728 2936; x_wconf 90' lang='lat' dir='ltr'><strong>regia</strong></span> <span class='ocrx_word' id='word_1_204' title='bbox 751 2857 810 2919; x_wconf 84' lang='lat' dir='ltr'><strong>risa</strong></span> <span class='ocrx_word' id='word_1_205' title='bbox 833 2867 878 2917; x_wconf 89' lang='lat' dir='ltr'><strong>est</strong></span> 
     </span>
     <span class='ocr_line' id='line_1_33' title="bbox 96 2940 825 3015; baseline -0.001 -12"><span class='ocrx_word' id='word_1_206' title='bbox 96 2951 191 3003; x_wconf 84' lang='lat' dir='ltr'><strong>cetera</strong></span> <span class='ocrx_word' id='word_1_207' title='bbox 214 2958 275 3002; x_wconf 90' lang='lat' dir='ltr'><strong>non</strong></span> <span class='ocrx_word' id='word_1_208' title='bbox 297 2940 383 3015; x_wconf 91' lang='lat' dir='ltr'><strong>duro,</strong></span> <span class='ocrx_word' id='word_1_209' title='bbox 405 2942 478 3004; x_wconf 90' lang='lat' dir='ltr'><strong>duro</strong></span> <span class='ocrx_word' id='word_1_210' title='bbox 500 2951 597 3004; x_wconf 69' lang='lat' dir='ltr'><strong>umen</strong></span> <span class='ocrx_word' id='word_1_211' title='bbox 620 2942 721 3004; x_wconf 88' lang='lat' dir='ltr'><strong>ultima</strong></span> <span class='ocrx_word' id='word_1_212' title='bbox 743 2941 825 3003; x_wconf 83' lang='lat' dir='ltr'><strong>vultu</strong></span> 
     </span>
     <span class='ocr_line' id='line_1_34' title="bbox 95 3025 848 3107; baseline -0.001 -21"><span class='ocrx_word' id='word_1_213' title='bbox 95 3026 171 3087; x_wconf 89' lang='lat' dir='ltr'><strong>dicta</strong></span> <span class='ocrx_word' id='word_1_214' title='bbox 194 3025 294 3088; x_wconf 90' lang='lat' dir='ltr'><strong>tulisse</strong></span> <span class='ocrx_word' id='word_1_215' title='bbox 316 3025 391 3087; x_wconf 91' lang='lat' dir='ltr'><strong>loris</strong></span> <span class='ocrx_word' id='word_1_216' title='bbox 413 3045 503 3107; x_wconf 91' lang='lat' dir='ltr'><strong>seque</strong></span> <span class='ocrx_word' id='word_1_217' title='bbox 524 3026 688 3088; x_wconf 89' lang='lat' dir='ltr'><strong>indoluisse</strong></span> <span class='ocrx_word' id='word_1_218' title='bbox 710 3034 848 3088; x_wconf 88' lang='lat' dir='ltr'><strong>notatam.</strong></span> 
     </span>
     <span class='ocr_line' id='line_1_35' title="bbox 96 3110 861 3192; baseline -0.001 -21"><span class='ocrx_word' id='word_1_219' title='bbox 96 3111 207 3171; x_wconf 80' lang='lat' dir='ltr'><strong>interea</strong></span> <span class='ocrx_word' id='word_1_220' title='bbox 229 3110 436 3190; x_wconf 88' lang='lat' dir='ltr'><strong>quodcumque</strong></span> <span class='ocrx_word' id='word_1_221' title='bbox 457 3111 511 3172; x_wconf 87' lang='lat' dir='ltr'><strong>tuit</strong></span> <span class='ocrx_word' id='word_1_222' title='bbox 533 3110 705 3192; x_wconf 89' lang='lat' dir='ltr'><strong>populabile</strong></span> <span class='ocrx_word' id='word_1_223' title='bbox 727 3111 861 3172; x_wconf 87' lang='lat' dir='ltr'><strong>dammae</strong></span> 
     </span>
     <span class='ocr_line' id='line_1_36' title="bbox 96 3194 899 3276; baseline -0.002 -21"><span class='ocrx_word' id='word_1_224' title='bbox 96 3195 242 3256; x_wconf 89' lang='lat' dir='ltr'><strong>llulciber</strong></span> <span class='ocrx_word' id='word_1_225' title='bbox 263 3194 432 3267; x_wconf 88' lang='lat' dir='ltr'><strong>abstulerat,</strong></span> <span class='ocrx_word' id='word_1_226' title='bbox 454 3215 510 3257; x_wconf 92' lang='lat' dir='ltr'><strong>uec</strong></span> <span class='ocrx_word' id='word_1_227' title='bbox 531 3197 734 3276; x_wconf 88' lang='lat' dir='ltr'><strong>cognoscenda</strong></span> <span class='ocrx_word' id='word_1_228' title='bbox 759 3194 899 3256; x_wconf 88' lang='lat' dir='ltr'><strong>remansit</strong></span> 
     </span>
    </p>
   </div>
   <div class='ocr_carea' id='block_1_4' title="bbox 95 3343 1166 3955">
    <p class='ocr_par' dir='ltr' id='par_1_5' title="bbox 95 3343 1166 3955">
     <span class='ocr_line' id='line_1_37' title="bbox 230 3343 376 3396; baseline 0.007 -1"><span class='ocrx_word' id='word_1_229' title='bbox 230 3343 376 3396; x_wconf 83' lang='lat' dir='ltr'><strong>ministante</strong></span> 
     </span>
     <span class='ocr_line' id='line_1_38' title="bbox 163 3404 1163 3478; baseline -0.007 -14"><span class='ocrx_word' id='word_1_230' title='bbox 163 3414 212 3464; x_wconf 84' lang='grc'><strong>234</strong></span> <span class='ocrx_word' id='word_1_231' title='bbox 230 3411 345 3463; x_wconf 85' lang='lat' dir='ltr'><strong>ministro</strong></span> <span class='ocrx_word' id='word_1_232' title='bbox 402 3411 427 3463; x_wconf 89' lang='lat' dir='ltr'><strong>bl</strong></span> <span class='ocrx_word' id='word_1_233' title='bbox 479 3427 513 3465; x_wconf 83' lang='lat' dir='ltr'><strong>nt.</strong></span> <span class='ocrx_word' id='word_1_234' title='bbox 531 3411 549 3464; x_wconf 87' lang='grc'><strong>2</strong></span> <span class='ocrx_word' id='word_1_235' title='bbox 564 3412 686 3465; x_wconf 80' lang='lat' dir='ltr'><strong>addidit:</strong></span> <span class='ocrx_word' id='word_1_236' title='bbox 709 3417 749 3464; x_wconf 86' lang='lat' dir='ltr'><strong>cst</strong></span> <span class='ocrx_word' id='word_1_237' title='bbox 834 3415 883 3464; x_wconf 81' lang='grc'><strong>235</strong></span> <span class='ocrx_word' id='word_1_238' title='bbox 902 3404 1163 3478; x_wconf 84' lang='lat' dir='ltr'><strong>comprehenditurbl</strong></span> 
     </span>
     <span class='ocr_line' id='line_1_39' title="bbox 96 3475 1164 3543; baseline -0.007 -11"><span class='ocrx_word' id='word_1_239' title='bbox 96 3482 147 3533; x_wconf 80' lang='grc'><strong>236</strong></span> <span class='ocrx_word' id='word_1_240' title='bbox 163 3480 245 3531; x_wconf 78' lang='lat' dir='ltr'><strong>siloae</strong></span> <span class='ocrx_word' id='word_1_241' title='bbox 261 3483 302 3541; x_wconf 84' lang='lat' dir='ltr'><strong>(ae</strong></span> <span class='ocrx_word' id='word_1_242' title='bbox 320 3483 338 3530; x_wconf 83' lang='lat' dir='ltr'><strong>i.</strong></span> <span class='ocrx_word' id='word_1_243' title='bbox 356 3482 389 3543; x_wconf 79' lang='lat' dir='ltr'><strong>r.)</strong></span> <span class='ocrx_word' id='word_1_244' title='bbox 407 3496 439 3532; x_wconf 86' lang='lat' dir='ltr'><strong>ne</strong></span> <span class='ocrx_word' id='word_1_245' title='bbox 456 3495 519 3533; x_wconf 85' lang='lat' dir='ltr'><strong>meae</strong></span> <span class='ocrx_word' id='word_1_246' title='bbox 531 3479 570 3532; x_wconf 84' lang='lat' dir='ltr'><strong>bl¹</strong></span> <span class='ocrx_word' id='word_1_247' title='bbox 622 3495 654 3532; x_wconf 87' lang='lat' dir='ltr'><strong>ue</strong></span> <span class='ocrx_word' id='word_1_248' title='bbox 672 3495 760 3532; x_wconf 79' lang='lat' dir='ltr'><strong>moseo</strong></span> <span class='ocrx_word' id='word_1_249' title='bbox 778 3478 823 3531; x_wconf 77' lang='grc' dir='ltr'><strong>Μ’</strong></span> <span class='ocrx_word' id='word_1_250' title='bbox 880 3475 1050 3532; x_wconf 69' lang='grc'><strong>2311441111</strong></span> <span class='ocrx_word' id='word_1_251' title='bbox 1102 3475 1164 3526; x_wconf 88' lang='lat' dir='ltr'><strong>lraut</strong></span> 
     </span>
     <span class='ocr_line' id='line_1_40' title="bbox 95 3544 1163 3615; baseline -0.003 -17"><span class='ocrx_word' id='word_1_252' title='bbox 95 3546 134 3598; x_wconf 70' lang='lat' dir='ltr'><strong>bl·</strong></span> <span class='ocrx_word' id='word_1_253' title='bbox 184 3547 251 3600; x_wconf 83' lang='lat' dir='ltr'><strong>baud</strong></span> <span class='ocrx_word' id='word_1_254' title='bbox 269 3545 312 3597; x_wconf 69' lang='grc' dir='ltr'><strong>Μ’</strong></span> <span class='ocrx_word' id='word_1_255' title='bbox 362 3550 412 3600; x_wconf 86' lang='grc'><strong>2411</strong></span> <span class='ocrx_word' id='word_1_256' title='bbox 430 3547 585 3615; x_wconf 77' lang='lat' dir='ltr'><strong>llJlllamqne</strong></span> <span class='ocrx_word' id='word_1_257' title='bbox 598 3547 623 3599; x_wconf 89' lang='lat' dir='ltr'><strong>bl</strong></span> <span class='ocrx_word' id='word_1_258' title='bbox 675 3551 722 3601; x_wconf 93' lang='grc'><strong>241</strong></span> <span class='ocrx_word' id='word_1_259' title='bbox 744 3554 923 3615; x_wconf 85' lang='lat' dir='ltr'><strong>conceptorem</strong></span> <span class='ocrx_word' id='word_1_260' title='bbox 942 3544 1024 3597; x_wconf 83' lang='lat' dir='ltr'><strong>urbl¹</strong></span> <span class='ocrx_word' id='word_1_261' title='bbox 1039 3544 1163 3595; x_wconf 68' lang='lat' dir='ltr'><strong>comode.</strong></span> 
     </span>
     <span class='ocr_line' id='line_1_41' title="bbox 95 3564 1163 3690; baseline -0.003 -23"><span class='ocrx_word' id='word_1_262' title='bbox 95 3632 131 3667; x_wconf 85' lang='lat' dir='ltr'><strong>nr.</strong></span> <span class='ocrx_word' id='word_1_263' title='bbox 182 3619 232 3669; x_wconf 85' lang='grc'><strong>244</strong></span> <span class='ocrx_word' id='word_1_264' title='bbox 250 3614 430 3683; x_wconf 79' lang='lat' dir='ltr'><strong>alloquiturbl</strong></span> <span class='ocrx_word' id='word_1_265' title='bbox 483 3613 560 3668; x_wconf 80' lang='lat' dir='ltr'><strong>ittet</strong></span> <span class='ocrx_word' id='word_1_266' title='bbox 622 3617 742 3684; x_wconf 83' lang='lat' dir='ltr'><strong>roluptas</strong></span> <span class='ocrx_word' id='word_1_267' title='bbox 760 3631 831 3667; x_wconf 81' lang='lat' dir='ltr'><strong>corr.</strong></span> <span class='ocrx_word' id='word_1_268' title='bbox 848 3632 883 3666; x_wconf 74' lang='lat' dir='ltr'><strong>ex</strong></span> <span class='ocrx_word' id='word_1_269' title='bbox 900 3564 1061 3666; x_wconf 66' lang='lat' dir='ltr'><strong>rtiluntssbl</strong></span> <span class='ocrx_word' id='word_1_270' title='bbox 1097 3612 1163 3690; x_wconf 62' lang='grc' dir='ltr'><strong>ο248</strong></span> 
     </span>
     <span class='ocr_line' id='line_1_42' title="bbox 96 3680 1165 3751; baseline -0.001 -16"><span class='ocrx_word' id='word_1_271' title='bbox 96 3680 195 3736; x_wconf 82' lang='lat' dir='ltr'><strong>datisl</strong></span> <span class='ocrx_word' id='word_1_272' title='bbox 249 3685 298 3736; x_wconf 83' lang='grc'><strong>249</strong></span> <span class='ocrx_word' id='word_1_273' title='bbox 317 3697 364 3736; x_wconf 83' lang='lat' dir='ltr'><strong>nec</strong></span> <span class='ocrx_word' id='word_1_274' title='bbox 382 3681 449 3750; x_wconf 81' lang='lat' dir='ltr'><strong>pil</strong></span> <span class='ocrx_word' id='word_1_275' title='bbox 508 3686 559 3736; x_wconf 75' lang='lat' dir='ltr'><strong>tto</strong></span> <span class='ocrx_word' id='word_1_276' title='bbox 576 3684 639 3736; x_wconf 84' lang='lat' dir='ltr'><strong>istas</strong></span> <span class='ocrx_word' id='word_1_277' title='bbox 657 3699 689 3737; x_wconf 85' lang='lat' dir='ltr'><strong>ue</strong></span> <span class='ocrx_word' id='word_1_278' title='bbox 707 3682 862 3751; x_wconf 81' lang='lat' dir='ltr'><strong>spernitebl</strong></span> <span class='ocrx_word' id='word_1_279' title='bbox 914 3689 1002 3735; x_wconf 79' lang='lat' dir='ltr'><strong>notras</strong></span> <span class='ocrx_word' id='word_1_280' title='bbox 1020 3683 1165 3746; x_wconf 75' lang='lat' dir='ltr'><strong>sperantes</strong></span> 
     </span>
     <span class='ocr_line' id='line_1_43' title="bbox 96 3749 1166 3832; baseline -0.007 -28"><span class='ocrx_word' id='word_1_281' title='bbox 96 3753 167 3817; x_wconf 83' lang='lat' dir='ltr'><strong>istas,</strong></span> <span class='ocrx_word' id='word_1_282' title='bbox 185 3767 225 3813; x_wconf 87' lang='lat' dir='ltr'><strong>ne,</strong></span> <span class='ocrx_word' id='word_1_283' title='bbox 243 3767 283 3818; x_wconf 91' lang='lat' dir='ltr'><strong>sp.</strong></span> <span class='ocrx_word' id='word_1_284' title='bbox 295 3750 411 3803; x_wconf 81' lang='lat' dir='ltr'><strong>llerlral²</strong></span> <span class='ocrx_word' id='word_1_285' title='bbox 447 3750 524 3831; x_wconf 24' lang='lat' dir='ltr'><strong>&#39;istas</strong></span> <span class='ocrx_word' id='word_1_286' title='bbox 536 3753 587 3832; x_wconf 76' lang='lat' dir='ltr'><strong>iqrn</strong></span> <span class='ocrx_word' id='word_1_287' title='bbox 604 3750 856 3804; x_wconf 62' lang='lat' dir='ltr'><strong>catadromum</strong></span> <span class='ocrx_word' id='word_1_288' title='bbox 907 3749 1052 3817; x_wconf 74' lang='lat' dir='ltr'><strong>despernite</strong></span> <span class='ocrx_word' id='word_1_289' title='bbox 1068 3749 1166 3812; x_wconf 78' lang='lat' dir='ltr'><strong>scripsi</strong></span> 
     </span>
     <span class='ocr_line' id='line_1_44' title="bbox 398 3834 556 3870; baseline 0 0"><span class='ocrx_word' id='word_1_290' title='bbox 398 3834 469 3870; x_wconf 82' lang='lat' dir='ltr'><strong>neers</strong></span> <span class='ocrx_word' id='word_1_291' title='bbox 547 3835 556 3870; x_wconf 91' lang='grc' dir='ltr'>ι</span> 
     </span>
     <span class='ocr_line' id='line_1_45' title="bbox 95 3883 1165 3955; baseline -0.008 -14"><span class='ocrx_word' id='word_1_292' title='bbox 95 3884 260 3942; x_wconf 71' lang='grc' dir='ltr'><strong>253οκιιιολ</strong></span> <span class='ocrx_word' id='word_1_293' title='bbox 294 3885 761 3955; x_wconf 71' lang='lat' dir='ltr'><strong>lileiraelnnllaque-llarnmaebl</strong></span> <span class='ocrx_word' id='word_1_294' title='bbox 796 3883 966 3940; x_wconf 72' lang='lat' dir='ltr'><strong>258nolletA</strong></span> <span class='ocrx_word' id='word_1_295' title='bbox 996 3883 1165 3936; x_wconf 81' lang='lat' dir='ltr'><strong>noletHeins.</strong></span> 
     </span>
    </p>
   </div>
   <div class='ocr_carea' id='block_1_5' title="bbox 0 0 1350 4230">
    <p class='ocr_par' dir='ltr' id='par_1_6' title="bbox 0 0 1350 4230">
     <span class='ocr_line' id='line_1_46' title="bbox 0 0 1350 4230; baseline 0 1"><span class='ocrx_word' id='word_1_296' title='bbox 0 0 1350 4230; x_wconf 95' lang='lat' dir='ltr'><strong> </strong></span> 
     </span>
    </p>
   </div>
  </div>
 </body>
</html>
