2692 4230
105 125 166 189 140
416 135 418 141 '
495 94 498 104 ⁸
562 132 714 186 1111111111.

104 303 232 366 creditus
252 306 367 388 accepit
388 312 518 367 cantatas
540 299 677 379 protinus
704 301 809 365 herbas

104 388 280 470 edidicitque
302 408 399 462 usum,
422 388 577 463 laetusque
598 384 629 444 in
655 391 730 444 tecta
752 390 882 452 recessit.

188 473 309 536 Postera
330 471 484 554 depulerat
503 465 604 528 stellas
625 486 730 529 aurora
749 472 906 535 micantes:

105 559 286 620 conveniunt
307 554 410 639 populi
433 569 549 614 sacrum
571 551 708 613 llarortis
730 552 760 613 in
787 574 888 618 arvum

103 643 327 722 consistuntque
348 638 435 716 iugis.
478 636 576 698 medio
598 656 650 699 rex
671 637 735 717 ipse
757 641 865 702 resedit

103 727 220 807 agmine
242 740 411 807 purpureus
432 731 612 802 sceptroque
633 721 759 801 insignis
781 722 906 785 eburno.

104 830 173 873 ecce
194 807 373 872 adamanteis
395 805 561 868 Vulcanum
583 807 703 870 naribus
726 806 827 866 eillant

103 896 255 975 aeripedes
277 891 365 964 tauri,
388 898 542 972 tactaeque
562 891 720 972 vaporibus
740 891 849 952 herbae

103 980 216 1041 ardent.
259 986 352 1056 utque
373 975 471 1038 solent
492 976 575 1058 pleni
596 995 737 1040 resonare
758 976 876 1051 camini,

103 1072 154 1125 aut
174 1061 226 1122 ubi
246 1069 363 1122 terrena
385 1060 483 1123 silices
505 1062 625 1124 fornace
647 1061 736 1124 soluti

103 1144 277 1224 concipiunt
297 1145 397 1224 ignem
418 1146 595 1227 liquidarum
617 1147 792 1229 adspergine
813 1162 967 1225 aquarum,

104 1240 225 1310 pectora
246 1229 290 1291 sic
311 1230 393 1293 intus
415 1231 530 1294 clausas
549 1232 693 1294 volventia
714 1233 846 1294 flammas

103 1322 282 1395 gutturaque
303 1327 368 1378 usta
390 1326 508 1378 sonant.
551 1328 648 1379 tamen
672 1316 732 1378 illis
754 1318 869 1377 Aesone
896 1323 983 1376 natus

104 1397 208 1461 obvius
229 1399 261 1462 it.
304 1412 418 1463 vertere
437 1409 537 1463 nuces
557 1401 703 1463 venientis
724 1402 761 1462 ad
782 1420 833 1461 ora

104 1483 249 1547 terribiles
270 1485 369 1548 vultus
392 1487 578 1567 praefixaque
603 1504 715 1546 cornua
740 1486 819 1546 ferro

103 1567 334 1649 pulvereumque
355 1569 452 1631 solum
473 1569 550 1649 pede
572 1568 724 1648 pulsavere
749 1568 862 1628 bisulco

102 1653 299 1732 fumificisque
321 1653 418 1714 locum
441 1651 603 1730 mugitibus
624 1651 831 1731 impleverunt.

102 1738 256 1816 deriguere
278 1745 358 1797 metu
381 1735 506 1816 Minyae.
550 1735 629 1798 subit
650 1736 710 1810 ille,
733 1754 788 1798 nec
810 1736 894 1814 ignes

102 1822 192 1883 sentit
211 1819 363 1882 anhelatos
383 1822 512 1897 (tantum
534 1821 728 1882 medicamina
751 1821 888 1900 possunt)

103 1904 289 1986 pendulaque
312 1905 414 1966 audaci
437 1906 547 1966 mulcet
569 1905 695 1987 palearia
716 1907 817 1967 dextra

103 1989 332 2071 suppositosque
354 1991 424 2069 iugo
447 1991 565 2070 pondus
587 2008 674 2068 grave
695 1991 775 2068 cogit
795 1989 882 2049 aratri

101 2075 210 2136 ducere
232 2083 261 2135 et
282 2076 431 2136 insuetum
454 2076 531 2135 ferro
554 2074 745 2154 proscindere
767 2092 913 2154 campum.

100 2159 247 2220 mirantur
268 2159 380 2234 Colchi,
402 2159 518 2239 Minyae
541 2160 719 2221 clamoribus
739 2171 849 2237 augent

101 2244 291 2323 adiciuntque
313 2245 437 2305 animos.
482 2243 562 2322 galea
584 2254 646 2304 tum
669 2244 759 2304 sumit
779 2253 852 2304 aena

100 2329 234 2409 vipereos
255 2329 358 2389 dentes
382 2336 411 2388 et
431 2338 529 2389 aratos
552 2328 663 2409 spargit
684 2329 713 2388 in
737 2347 832 2407 agros.

101 2413 213 2474 semina
235 2413 330 2474 mollit
352 2415 461 2474 burnus
481 2413 578 2474 valido
601 2413 762 2494 praetincta
784 2431 910 2486 veneno,

101 2507 131 2559 et
152 2508 290 2559 crescunt
312 2499 446 2578 fiuntque
469 2497 523 2559 sati
546 2516 620 2559 nova
643 2516 767 2578 corpora
791 2499 903 2559 dentes.

100 2592 193 2661 utque
214 2583 344 2645 bominis
366 2583 495 2662 speciem
519 2592 649 2644 materna
671 2583 762 2644 sumit
783 2583 814 2643 in
836 2583 900 2643 alvo

101 2686 212 2748 perque
234 2686 305 2729 suos
326 2668 407 2728 intus
429 2686 569 2729 numeros
591 2669 772 2749 conponitur
793 2668 901 2741 inians,

100 2770 157 2812 nec
179 2752 235 2813 nisi
258 2761 392 2813 maturus
415 2771 589 2813 communes
611 2753 670 2814 exit
691 2753 723 2813 in
744 2771 840 2826 auras,

101 2837 143 2897 sic
165 2836 216 2898 ubi
237 2836 399 2899 visceribus
421 2837 556 2916 gravidae
578 2836 692 2898 telluris
713 2838 809 2915 imago

101 2921 203 2983 ellecta
226 2931 271 2984 est
291 2922 431 2996 hominis,
454 2922 514 2983 leto
537 2923 691 3001 consurgit
711 2922 743 2983 in
766 2940 845 2994 arvo,

101 3007 239 3086 quodque
260 3008 353 3086 magis
375 3007 483 3068 mirum
506 3016 559 3079 est,
581 3006 669 3069 simul
692 3008 769 3068 edita
791 3004 925 3067 concutit
946 3022 1036 3066 arma.

102 3109 177 3170 qnos
200 3091 250 3152 nbi
272 3092 409 3153 viderunt
430 3101 604 3173 praeacutae
626 3093 757 3172 cuspidis
778 3092 876 3152 hastas

168 3240 387 3361 98111ἐ111111ζ81)
440 3311 473 3362 99
492 3307 598 3360 edidicit
615 3324 689 3360 usum
707 3307 732 3359 Μ
789 3312 834 3361 tot
853 3301 994 3359 scdcbati
1053 3306 1100 3358 103
1120 3320 1178 3371 pur-

100 3399 198 3512 11111εέ1
218 3428 262 3511 (Vl
283 3460 350 3496 aar.
368 3445 395 3511 3)
414 3443 440 3495 bl
504 3447 554 3497 111
571 3443 649 3495 eicit
715 3446 762 3496 115
781 3443 940 3508 diriguerec
1002 3445 1072 3492 metu
1089 3440 1177 3492 subito

100 3598 193 3649 minias
210 3596 254 3648 ille
268 3596 375 3648 necillos
387 3596 469 3648 sensit
480 3595 614 3648 anhelatos
632 3592 657 3658 (ὖ
670 3593 741 3656 lita
791 3524 953 3658 (anhleffiqgs
970 3594 993 3657 a)
1011 3592 1090 3643 sentit
1106 3607 1178 3649 corr,

100 3667 197 3731 liciter„
218 3666 324 3731 reliqua
342 3664 499 3730 Naugerius
513 3667 620 3729 primus
643 3665 673 3713 in
696 3667 800 3713 tentiam
821 3665 922 3727 recepit
998 3662 1046 3713 trs
1063 3662 1103 3710 cic
1118 3657 1178 3710 Μέ

100 3733 286 3801 suppositoque
305 3729 362 3784 1111ί
416 3735 465 3785 119
482 3731 619 3800 pscindcre
636 3729 775 3795 (iemelbl
830 3732 875 3783 121
890 3727 1006 3782 sumttll
1053 3730 1178 3794 1231111-

101 3865 218 3921 cinctui
272 3872 319 3922 129
337 3885 399 3921 arro
418 3871 440 3932 (r
457 3868 522 3933 cul)
540 3867 566 3919 ll
620 3869 666 3919 131
683 3830 808 3934 pppduue
826 3868 904 3929 (erac.
918 3865 942 3928 c)
957 3862 983 3915 bl
1012 3795 1146 3932 ᾞῖυιιε
1163 3879 1179 3912 r
