2692 4230
132 148 234 188 mana
574 133 604 200 X,
622 135 765 187 aot-tot.

132 307 248 372 demisit
270 310 366 372 vultus
388 304 507 369 sceleris
529 303 585 366 sibi
607 306 725 368 conscia
748 305 839 386 virgo.

133 395 229 456 noctis
250 403 312 457 erat
334 391 472 464 medium,
496 407 642 472 curasque
664 401 694 454 et
714 410 840 474 corpora
862 408 985 453 somnus

132 479 267 542 solverat.
311 486 342 538 at
363 476 442 553 virgo
466 474 600 556 Cinyreta
624 477 747 559 pervigil
769 477 831 556 igni

132 565 263 645 carpitur
283 560 426 623 indomito
449 561 620 642 furiosaque
642 569 707 622 rota
729 571 877 623 retractat

133 657 162 709 et
183 648 269 710 modo
292 646 435 726 desperat,
458 647 545 708 modo
568 646 631 707 vult
651 654 805 725 temptare,
829 647 978 727 pudetque

132 742 162 794 ct
183 732 273 812 cupit,
296 739 335 805 et,
359 730 427 810 quid
450 741 526 812 agat,
549 750 609 792 non
631 729 754 790 invenit.
799 738 891 809 utque
912 732 1008 793 securi

131 817 228 878 saucia
251 814 330 876 trabs
352 815 467 896 iugens,
490 816 541 878 ubi
563 815 646 895 plaga
670 812 827 874 novissima
849 823 949 889 restat,

132 919 191 980 quo
213 900 305 975 cadat,
328 901 357 962 in
380 902 470 963 dubio
492 910 537 962 eat
559 898 701 977 omnique
722 917 738 959 a
761 905 845 977 parte
868 896 1002 961 timetur:

132 986 175 1045 sic
196 984 311 1047 animus
335 986 412 1049 vario
436 985 595 1046 labefactus
617 983 738 1044 vulnere
759 991 844 1045 nutat

131 1069 191 1129 huc
213 1069 282 1131 levis
304 1081 393 1152 atque
413 1069 484 1131 illuc
507 1077 714 1149 momentaque
736 1068 826 1130 sumit
847 1077 985 1150 utroque.

132 1171 189 1214 neo
210 1156 314 1217 modus
336 1164 365 1217 et
387 1155 514 1235 requies,
537 1155 595 1216 nisi
617 1171 707 1228 mora,
729 1153 877 1233 reperitur
898 1153 1016 1216 amoris.

131 1255 211 1300 mors
233 1241 337 1321 placet.
382 1240 504 1320 erigitur
524 1239 690 1320 laqueoque
711 1239 865 1300 innectere
886 1239 987 1301 fauces

131 1324 271 1400 destinat;
296 1334 325 1387 et
346 1342 418 1387 zona
441 1341 557 1386 summo
580 1325 617 1385 dc
638 1331 724 1403 posto
745 1322 875 1384 revincta

132 1428 218 1486 „care
240 1410 301 1471 vale
325 1410 430 1489 Cinyra
453 1426 632 1487 causamque
653 1405 793 1485 intellege
814 1408 955 1470 mortisl“

131 1493 202 1555 dixit
224 1504 253 1556 et
274 1495 392 1574 aptabat
414 1492 535 1574 pallenti
558 1492 674 1555 vincula
696 1490 782 1554 collo.

216 1579 365 1639 Murmura
387 1577 542 1639 verborum
566 1578 638 1640 fidas
660 1577 785 1639 nutricis
805 1576 842 1638 ad
863 1594 950 1638 aures

130 1663 299 1743 pervenisse
321 1663 421 1724 serunt
441 1663 532 1725 limen
555 1662 698 1724 servantis
719 1662 865 1723 alumnae.

130 1746 225 1825 surgit
245 1767 320 1809 anus
342 1758 510 1828 reseratque
533 1748 621 1822 iores,
644 1747 806 1826 mortisque
828 1756 946 1827 paratae

131 1831 325 1894 instrumenta
349 1833 460 1905 videns,
482 1831 578 1914 spatio
600 1831 766 1895 conclamat
788 1832 892 1892 eodem

130 1934 220 1996 seque
243 1918 310 1979 ierit
332 1918 498 1998 scinditque
520 1917 604 1979 sinus
626 1926 785 1998 ereptaque
806 1916 885 1978 collo

130 2001 244 2063 vincula
267 2002 396 2064 dilaniat.
441 2012 504 2064 tum
527 2002 656 2083 denique
677 2003 749 2063 llere
770 2001 889 2076 vacavit,

130 2095 192 2146 tum
214 2087 283 2148 dare
304 2087 467 2167 conplexus
489 2087 646 2167 laqueique
666 2085 818 2166 requirere
841 2104 967 2147 causam.

129 2182 210 2232 muta
231 2172 296 2232 silet
317 2171 399 2250 virgo
422 2182 590 2252 terramque
611 2172 722 2232 inmota
744 2179 846 2232 tuetur

130 2265 160 2316 et
181 2255 325 2336 deprensa
348 2256 427 2318 dolet
448 2258 546 2319 madae
568 2257 724 2318 conamina
746 2256 858 2317 mortis.

130 2340 220 2402 instat
240 2359 316 2402 anus
338 2360 487 2422 canosque
508 2359 580 2403 suos
602 2350 631 2402 et
652 2341 751 2402 inania
774 2341 889 2402 nudans

131 2424 220 2486 ubera
242 2446 297 2506 per
318 2445 409 2487 cunas
430 2426 628 2505 alimentaque
649 2425 743 2506 prima
767 2435 913 2506 precatur,

131 2519 163 2569 ut
183 2510 237 2570 sibi
261 2511 433 2586 committat,
457 2510 598 2592 quicquid
621 2510 712 2572 dolet.
755 2510 803 2571 illa
825 2519 978 2591 rogantem

129 2605 256 2656 aversata
279 2595 378 2674 gemit.
422 2605 500 2658 certa
523 2605 568 2657 est
589 2595 744 2676 exquirere
766 2595 865 2656 nutrix

131 2698 186 2740 nec
207 2680 297 2740 solam
321 2682 468 2760 spondere
490 2682 587 2742 fldem.
632 2680 719 2754 „dic“
744 2679 840 2760 inquit
863 2698 1031 2760 „opemque

129 2783 176 2824 me
197 2765 262 2826 sine
284 2766 360 2826 serre
382 2766 451 2841 tibi;
475 2785 535 2828 non
559 2775 604 2826 cst
625 2783 688 2826 mea
711 2765 794 2844 pigra
816 2777 963 2826 senectus.

129 2868 181 2909 seu
203 2850 287 2910 furor
310 2859 363 2924 est,
385 2850 491 2922 habeo,
514 2868 589 2931 quae
611 2849 742 2910 carmine
763 2860 846 2911 sanet
868 2859 898 2911 et
921 2848 1029 2923 herbis,

129 2934 190 2994 sive
213 2934 317 3014 aliquis
342 2937 453 3010 nocuit,
476 2935 589 3013 magico
612 2935 774 2996 lustrabere
796 2935 865 3009 ritu,

87 3077 88 3080 ,
130 3019 171 3080 ira
194 3019 280 3080 deum
303 3019 362 3081 sive
384 3032 437 3094 est,
460 3020 550 3082 sacris
574 3019 723 3100 placabilis
745 3021 797 3081 ira.

130 3104 199 3183 quid
223 3123 288 3166 rear
310 3104 458 3166 ulterius?
480 3116 560 3166 certe
583 3106 702 3167 tortum
725 3105 890 3185 domusque
1165 3114 1208 3165 tuo

129 3207 232 3269 sospes
255 3199 284 3250 et
306 3190 336 3249 in
360 3209 448 3251 cursu
472 3202 526 3263 est,
548 3190 615 3252 vivit
637 3191 830 3269 genetrixque
854 3193 1024 3270 paterque.“

130 3273 256 3352 blyrrha,
278 3285 361 3354 patre
383 3276 494 3349 audito,
517 3276 642 3356 suspiria
664 3275 747 3336 duxit
768 3274 804 3335 ab
827 3275 887 3335 imo

198 3462 245 3511 tot
261 3458 355 3509 dimisit
368 3457 393 3508 dl
447 3456 613 3527 litquodl
663 3463 889 3525 lidaparteax
907 3457 1005 3528 antelli
1058 3459 1206 3519 {librario}

129 3525 238 3578 dubioa
289 3528 510 3594 dlbutrimquea
562 3527 708 3581 dilnecbl
753 3534 811 3584 etc
858 3533 902 3580 aut
914 3529 1002 3578 Heius.
1048 3522 1207 3594 repetituri.

131 3680 179 3730 ³80
198 3679 280 3729 cinara
298 3676 323 3728 bl
389 3681 436 3731 387
456 3679 592 3731 vetavitG
628 3611 753 3732 llllrllll
766 3698 779 3730 e
843 3682 892 3732 399
911 3676 986 3732 deit
1047 3679 1206 3746 placabimus

130 3813 191 3931 lrlm
210 3832 225 3869 ς
245 3818 325 3932 uilll
342 3747 422 3866 llio
441 3831 515 3867 cursu
534 3816 611 3868 ostili
664 3815 696 3869 ab
714 3816 817 3869 incursu
836 3824 909 3872 esta
961 3816 1085 3873 tiruntc
1137 3817 1208 3883 geni-

141 3897 251 3949 rusqueA

181 3973 257 4022 oeta.
273 3974 361 4017 uenam.
981 3970 1017 4017 us
