2692 4230
27 133 90 196 252
330 176 332 181 ·
473 138 644 209 ,mentm
887 158 958 200 cern.
986 157 1100 198 merore

27 313 175 395 respicere
197 315 290 396 inque
310 314 431 376 domum
446 326 603 391 supremos
623 318 738 374 vertere
758 317 872 380 vultus:

26 415 128 461 rerum
149 398 202 462 ubi
224 400 273 474 sit,
295 397 407 470 nescit;
429 401 511 455 unm
532 393 676 472 vertigine
696 411 807 478 pontus

28 482 127 560 ferret,
150 494 179 546 et
202 483 321 545 inducta
344 476 438 561 piceis
460 496 476 538 s
499 475 630 539 nubibus
652 480 756 543 umbra
1015 551 1018 559 ¹

29 584 116 631 omne
136 569 209 632 latet
230 565 354 638 eaelum,
376 560 584 642 duplicataque
606 563 703 624 noctis
724 565 819 648 imago
841 580 894 634 est
1052 573 1099 624 555

28 652 172 733 frangitur
194 653 315 713 incursu
339 644 465 708 nimbosi
487 645 616 709 turbinis
637 646 735 724 arbor,

26 736 172 817 frangitur
194 744 224 797 et
244 732 389 811 regimen,
411 729 575 814 spoliisque
597 731 729 794 animosa
750 748 898 816 superstes

27 822 115 896 undo,
136 818 216 882 reiut
239 815 352 890 victrix,
373 815 546 898 sinuataque
568 816 693 898 despicit
714 817 818 893 undas,

27 904 205 976 neoterius,
228 918 316 980 quam
338 899 431 981 siquis
452 902 550 964 Athon
572 901 735 964 Pindumve
755 904 886 968 revulsos

27 990 95 1052 sede
116 1006 169 1050 sua
192 994 272 1047 totos
293 985 324 1046 in
346 994 481 1066 opertum
504 987 639 1050 everterit
659 1004 779 1066 sequor,

27 1072 218 1154 praecipitata
240 1069 317 1132 cadit
337 1069 507 1151 pariterque
529 1081 559 1135 et
579 1071 712 1155 pondere
734 1081 764 1134 et
785 1072 845 1134 ictu

26 1156 130 1235 mergit
152 1156 184 1217 in
207 1155 265 1216 ima
286 1163 389 1217 ratem.
434 1174 502 1218 eum
523 1175 583 1239 qua
605 1176 673 1240 pars
694 1174 799 1237 magna
819 1158 957 1233 virorum,
1042 1197 1053 1214 .

27 1240 142 1320 gurgite
163 1257 266 1322 pressa
288 1239 488 1322 graviumque
508 1240 540 1303 in
563 1253 631 1306 aera
652 1241 774 1318 reddita,
795 1242 854 1304 fato

27 1325 128 1386 functa
149 1343 204 1386 suo
227 1333 283 1391 est
324 1324 374 1388 olii
396 1335 495 1408 partes
516 1336 546 1389 et
566 1327 698 1390 membra
719 1327 835 1391 carinae

27 1418 130 1472 bunos
153 1417 268 1474 tenent.
311 1417 394 1474 tenet
414 1410 479 1493 ipse
499 1429 602 1488 manu,
623 1431 681 1494 qua
703 1422 819 1494 sceptra
841 1412 961 1490 solebat,

28 1493 171 1575 fragmina
192 1494 301 1574 navigii
322 1494 398 1576 Ceyx
420 1514 618 1576 socerumque
640 1504 811 1579 patremque

27 1579 143 1643 invocat
162 1580 239 1642 beui
262 1581 378 1642 frustra.
422 1579 473 1640 sed
494 1579 623 1660 plurima
645 1581 743 1642 nantis
764 1583 796 1643 in
819 1601 870 1646 ore

26 1664 156 1744 Alcyone
178 1664 319 1726 coniunx.
363 1661 443 1723 ittam
464 1663 657 1744 meminitque
678 1664 837 1744 refertque,

27 1747 108 1810 illius
128 1756 199 1810 ante
221 1746 325 1808 oculos
346 1755 380 1808 ut
400 1757 489 1827 agant
509 1765 563 1809 sua
584 1766 710 1830 corpora
730 1748 847 1823 fluctus,

28 1842 121 1914 optat,
144 1841 174 1894 et
196 1831 339 1895 exanimis
359 1830 497 1894 manibus
518 1833 681 1895 tumuletur
702 1833 813 1896 amieis.

27 1916 97 1979 dum
119 1925 210 1992 natat,
232 1915 395 1994 absentem,
417 1917 558 1999 quotiens
578 1917 650 1980 sinit
671 1918 785 1981 hiscere
806 1919 922 1992 fluctus,

28 2001 161 2063 nomintu
182 2000 333 2082 Alcyonen
357 2000 490 2082 ipsisque
513 2002 710 2065 inmurmurat
730 2003 827 2065 undis.

28 2103 97 2149 ecce
117 2104 209 2167 super
231 2086 344 2148 medios
366 2085 474 2148 fluetus
496 2085 582 2166 niger
602 2104 690 2149 arcus
710 2105 852 2168 aquarum

28 2170 172 2251 frangitur
195 2179 224 2231 et
245 2179 333 2252 rupta
355 2188 485 2232 mersum
507 2180 596 2251 caput
618 2170 717 2233 obruit
738 2173 826 2234 unda.

29 2253 147 2318 Lucifer
168 2254 316 2317 obscurus
338 2274 394 2317 nec
416 2273 505 2336 quem
526 2273 708 2334 cognoscere
729 2275 831 2338 posses

28 2339 77 2402 illa
100 2349 187 2402 nocte
209 2340 281 2402 fuit:
294 2339 505 2421 quoniamque
527 2340 668 2403 excedere
689 2340 770 2403 eaelo

29 2442 89 2487 non
113 2424 205 2498 licuit,
227 2424 328 2486 densis
351 2425 419 2487 texit
442 2443 496 2486 sua
517 2423 649 2487 nubibus
670 2444 731 2488 ora.
757 2466 759 2470 -

113 2509 212 2571 Aeolis
233 2509 346 2584 interea
368 2518 518 2571 tantorum
540 2509 641 2589 ignara
663 2509 805 2572 maiorum

28 2594 194 2657 dinumerat
215 2604 334 2656 noctes:
357 2604 388 2656 et
408 2594 476 2668 iam,
498 2612 572 2674 quas
594 2593 696 2656 induat
717 2595 767 2657 ille

28 2679 146 2741 festinat
167 2686 272 2752 restes,
295 2679 351 2740 iam
374 2696 457 2759 quas,
477 2677 531 2740 ubi
553 2679 667 2741 venerit
687 2679 746 2754 ille,

28 2763 92 2844 ipsa
112 2774 204 2842 gerat,
225 2762 399 2843 reditusque
420 2762 477 2825 sibi
499 2764 646 2845 promittit
667 2763 780 2827 inanes.

31 2846 169 2910 omnibus
190 2847 239 2910 illa
262 2848 380 2928 quidem
402 2847 517 2929 superis
539 2847 588 2928 pia
611 2856 674 2910 tura
697 2848 817 2923 ferebat,

29 2942 97 2995 aute
118 2941 216 2995 tamen
238 2939 364 2994 cunctos
385 2931 511 2993 lunonis
533 2931 642 3015 templa
664 2933 779 2995 colebat

30 3036 144 3099 proque
165 3017 238 3088 viro,
261 3017 312 3098 qui
334 3016 435 3079 nuilus
456 3026 529 3090 erut,
551 3016 685 3079 veniebat
707 3019 744 3080 ad
765 3036 830 3080 aras

28 3110 120 3184 utque
141 3102 220 3165 foret
241 3119 345 3182 sospes
366 3102 497 3163 coniunx
518 3120 591 3164 suus
611 3111 703 3182 utque
723 3103 841 3176 rediret,
1054 3112 1101 3165 555

30 3186 159 3268 optabat,
181 3184 353 3268 nullumque
374 3185 430 3248 sibi
453 3186 626 3268 praeferret.
670 3197 698 3246 at
720 3187 762 3248 itti

28 3271 86 3334 boo
107 3271 145 3333 dc
166 3279 210 3332 tot
231 3271 307 3333 votis
328 3280 443 3353 poterat
464 3270 639 3351 contingere
661 3272 765 3334 sotum.

96 3490 145 3542 ott
164 3486 273 3540 domos
325 3489 374 3541 ote
392 3490 490 3550 verum]
509 3484 644 3541 verterei
695 3491 744 3542 555
762 3494 920 3546 everteret:
973 3492 1023 3544 558
1040 3503 1099 3541 sere

29 3558 54 3621 (e
67 3559 168 3622 poster.
185 3559 204 3608 i.
220 3557 255 3620 r.)
272 3553 298 3607 M
368 3558 418 3610 560
441 3558 502 3624 qua]
523 3555 605 3624 quie
674 3558 724 3608 562
747 3555 802 3620 sed]
826 3572 930 3609 nsm-
945 3559 969 3609 in
994 3556 1054 3610 bora
1071 3554 1098 3607 M

30 3710 79 3763 565
106 3707 250 3777 alcyone'pfpt
272 3706 298 3760 bi
367 3710 458 3761 5556
482 3711 511 3760 fa
535 3723 623 3774 marg.
646 3707 672 3760 bf
739 3712 787 3762 art
800 3640 810 3693 l
823 3649 926 3763 pperpel
993 3710 1049 3762 tuce
1072 3708 1098 3762 bi

27 3788 189 3926 q'dflfuia
241 3861 292 3912 stt
311 3864 329 3913 t.
348 3862 379 3924 s]
397 3860 542 3913 conterrita
593 3861 643 3914 553
661 3858 799 3913 Aeofusbi
