2692 4230
129 158 201 196 rrcus
558 139 624 207 lllll,
641 142 786 195 339-399.
1144 141 1206 204 317

132 332 275 397 spemque
297 332 425 396 sequens
446 329 551 373 ranam
576 311 648 376 silva
670 313 760 396 pedes
782 321 861 376 errat
882 311 912 373 in
935 310 1001 373 alta.
1023 323 1026 330 ·

133 400 265 482 concipit
286 401 334 462 illa
357 415 460 480 preces
482 405 512 458 et
533 398 620 461 verba
642 399 792 480 precantia
812 398 884 462 dicit
1164 410 1208 461 365

135 485 312 567 ignotosque
334 483 405 544 deos
426 480 529 560 ignoto
552 484 684 546 carmine
705 485 817 561 adorat,

135 589 195 651 quo
218 569 294 632 solet
316 576 346 629 et
368 565 470 627 niveae
489 568 604 631 vultum
626 569 810 631 confundere
830 569 934 631 Lunae

136 667 166 716 et
186 655 282 737 patrio
305 650 393 732 capiti
415 650 531 715 bibulas
553 653 709 715 subtexere
730 653 834 716 nubes

136 749 200 801 tum
223 755 342 819 quoque
364 746 481 800 cantato
503 739 644 800 densetur
665 738 796 799 carmine
817 737 932 801 caelum

136 837 166 886 et
187 820 309 886 nebulas
331 820 446 884 exhalat
467 824 586 897 humus,
608 822 763 901 caecisque
784 831 927 900 vagantur

136 906 278 970 limitibus
300 906 433 981 comites,
456 917 486 968 et
507 906 592 969 abest
613 905 746 967 custodia
767 904 840 984 regi.

137 1001 221 1054 nacta
243 990 342 1053 locum
364 1002 542 1073 tempusque
565 1008 651 1072 „per,
672 1008 701 1064 o,
723 999 772 1052 tua
795 989 939 1063 lumina“,
959 990 1031 1052 dixit

138 1094 234 1156 „quae
254 1094 319 1139 mea
342 1085 497 1158 ceperunt,
519 1094 632 1157 perque
654 1075 742 1151 hanc,
763 1074 973 1157 pulcherrime,
994 1075 1129 1151 sormam,

138 1179 214 1240 quae
236 1162 315 1237 lacit,
337 1173 370 1223 ut
391 1161 517 1243 supplex
538 1160 592 1223 tibi
614 1161 670 1223 sim
692 1162 756 1236 dea,
777 1159 902 1222 consule
926 1160 1036 1222 nostris

137 1245 256 1324 ignibus
277 1257 308 1309 et
330 1265 477 1318 socerum,
499 1247 566 1327 qui.
573 1246 706 1327 pervidet
728 1247 838 1320 omnia,
861 1245 962 1307 Solem
1168 1255 1211 1305 913

137 1332 248 1413 accipe,
271 1350 327 1393 nec
348 1332 442 1393 durus
462 1331 598 1392 Titanida
621 1331 739 1412 despice
762 1331 899 1392 Circen.“

137 1416 258 1478 dixerat
305 1415 355 1478 ille
377 1419 459 1477 lerox
481 1415 637 1496 ipsamque
657 1434 822 1496 precesque
843 1414 987 1495 relinquit

138 1509 167 1562 et
189 1519 415 1581 „quaecumque
437 1503 500 1566 es“,
523 1499 564 1562 ait
585 1518 669 1576 „non
692 1518 757 1562 sum
780 1511 859 1561 tuus.
903 1499 992 1561 altera
1014 1509 1132 1580 captum

136 1603 185 1646 me
207 1594 288 1647 tenet
310 1595 339 1646 et
360 1593 460 1645 teneat
482 1585 691 1665 perlongum,
714 1603 890 1666 conprecor,
912 1603 1026 1646 aevum.

139 1689 194 1731 neo
215 1670 330 1731 Venere
352 1678 474 1730 externa
496 1670 616 1732 socialia
638 1671 756 1732 loedere
777 1670 901 1744 laedam,
1169 1678 1212 1729 993

138 1756 206 1816 dum
229 1753 300 1815 mibi
323 1754 493 1834 Ianigenam
515 1755 676 1817 servabunt
697 1757 754 1818 lata
776 1755 968 1816 Canentem.“

137 1857 225 1919 saepe
246 1841 430 1920 retemptatis
451 1839 590 1921 precibus
611 1839 727 1903 Titania
748 1840 856 1901 trustra

138 1942 221 2000 „non
243 1923 356 2005 inpune
378 1926 465 2000 leres,
487 1929 604 2006 neque“
628 1925 670 1989 ait
691 1924 834 2002 „reddere
856 1923 991 1998 Canenti,

136 2008 274 2089 laesaque
296 2009 366 2089 quid
390 2010 487 2084 iaciat,
510 2011 581 2091 quid
602 2028 716 2085 amans,
739 2009 810 2090 quid
832 2009 953 2082 femina,
976 2009 1079 2070 disces.

137 2093 269 2170 [rehus“,
291 2095 330 2155 ait
354 2093 425 2169 ,sed
447 2112 550 2156 amans
571 2105 616 2156 est
635 2094 713 2156 laesa
736 2107 766 2156 et
787 2093 896 2155 lomina
918 2093 1050 2170 Circei]“
1169 2103 1213 2154 385

136 2187 200 2238 tum
222 2178 268 2239 his
290 2179 325 2239 ad
348 2196 481 2252 occasus,
503 2178 549 2241 bis
570 2198 602 2241 se
625 2179 771 2241 convertit
791 2178 827 2240 ad
850 2189 943 2249 ortus,

138 2273 184 2324 ter
206 2263 340 2325 iuvenem
363 2263 469 2325 haculo
493 2264 598 2345 tetigit,
619 2264 676 2327 tria
698 2264 826 2327 carmina
848 2263 930 2325 dixit.

139 2347 188 2408 ille
212 2349 294 2426 lugit,
317 2349 367 2409 sed
390 2367 421 2409 se
443 2347 531 2411 solito
552 2350 685 2412 velocius
705 2350 770 2431 ipse

138 2451 258 2493 currere
281 2433 412 2493 miratur.
457 2453 572 2513 pennas
594 2435 624 2495 in
647 2452 773 2515 corpore
793 2433 865 2494 vidit
953 2453 960 2472 ⁴

138 2535 230 2596 seque
253 2535 356 2578 novam
379 2517 477 2579 subito
499 2518 591 2581 Latiis
613 2519 752 2581 accedere
774 2517 854 2579 silvis

138 2601 308 2680 indignatus
329 2621 410 2663 arem
433 2603 508 2664 duro
532 2604 593 2665 lera
615 2603 723 2665 robora
744 2613 841 2664 rostro

138 2687 203 2765 figit
224 2697 255 2748 et
277 2688 367 2749 iratus
390 2686 489 2767 longis
509 2688 559 2749 dat
579 2687 701 2750 vulnera
723 2688 822 2750 ramis.

139 2790 323 2852 purpureum
345 2771 507 2853 chlamydis
527 2793 644 2854 pennae
666 2786 780 2836 traxere
801 2773 943 2845 colorem,

140 2855 230 2917 tibula
252 2858 331 2936 quod
355 2858 451 2919 luerat
472 2870 640 2941 vestemque
661 2859 860 2921 momorderat
882 2875 998 2928 aurum,

141 2941 240 3020 pluma
263 2944 305 3013 lit,
328 2952 357 3003 et
379 2942 458 3003 lulvo
481 2945 577 3005 cervix
600 2945 801 3025 praecingitur
821 2961 906 3015 auro,
1172 2950 1215 2999 395

142 3044 196 3086 nec
219 3026 376 3106 quicquam
399 3029 554 3108 antiquum
575 3027 646 3091 Pico
670 3030 727 3091 nisi
750 3029 870 3090 nomina
893 3037 992 3089 restat.

226 3110 340 3172 lnterea
363 3113 497 3188 comites,
520 3114 645 3176 clamato
668 3133 756 3194 saepe
778 3132 831 3194 per
851 3130 940 3191 agros

142 3195 319 3275 nequiquam
343 3197 412 3258 Pico
437 3199 576 3280 nullaque
598 3200 628 3262 in
653 3210 736 3281 parte
757 3208 886 3280 reperto,

141 3279 295 3340 inveniunt
317 3281 421 3343 Circen
445 3287 527 3357 (nam
549 3285 606 3345 iam
629 3295 797 3347 tenuaverat
818 3301 904 3344 auras

210 3431 259 3480 335
278 3430 320 3480 illa
340 3448 391 3482 om.
409 3432 444 3482 h¹
497 3435 636 3500 precantia]
656 3434 768 3488 venetica
788 3452 801 3483 e
862 3437 910 3486 361
930 3440 956 3483 et
975 3432 1037 3493 nina]
1055 3430 1172 3482 innireee
1191 3429 1214 3480 Μ

142 3499 192 3547 369
210 3498 341 3561 3331311110
360 3499 531 3553 desertumht
584 3502 736 3555 densatur·
788 3505 837 3554 370
856 3498 1028 3568 caecisquebt
1081 3502 1127 3552 stt
1150 3500 1216 3564 regis

141 3563 161 3614 n
214 3567 263 3615 313
282 3567 436 3633 perquaell
490 3573 539 3623 stt
558 3570 605 3623 sinn
624 3587 659 3621 ea:
676 3569 771 3623 surnhl
824 3573 875 3622 336
893 3570 1022 3636 respiceo
1074 3567 1217 3620 311191111-

142 3632 207 3697 quit]
226 3634 357 3699 repellito
410 3639 459 3687 333
478 3638 682 3691 simeaesumlll
736 3634 1114 3703 381laoigoram-lallltabl
1167 3638 1216 3687 393

140 3700 187 3817 fflll
205 3700 380 3822 tql'tpallcips.
431 3708 480 3824 3311
499 3705 597 3826 lqcipnq
609 3706 633 3759 bl
686 3706 796 3825 discet·¹
838 3708 888 3824 lg?
906 3705 1129 3825 undnpssgnclusi
1178 3704 1218 3821 sip

289 3786 318 3821 ns
351 3787 410 3823 sesa
433 3788 462 3824 es
557 3813 562 3825 .
710 3816 716 3828 .
799 3813 806 3825 .
880 3791 918 3825 ‚a
1060 3786 1179 3823 occasum

142 3838 192 3885 393
210 3836 306 3888 latislt
361 3788 536 3892 ascendereec
597 3846 644 3895 391
665 3790 781 3908 illudat
798 3790 839 3893 he
875 3841 961 3892 diro·
1022 3839 1219 3902 3911111333)-

143 3902 202 3954 bule
221 3903 244 3955 hl
298 3909 347 3958 396
366 3909 463 3977 antiqui
481 3914 570 3962 meio
587 3911 660 3962 unde
677 3912 766 3961 Heius.
818 3926 869 3961 nort
887 3909 942 3961 nisi
955 3907 987 3958 ld
