2692 4230
133 126 262 166 acuamus
581 113 623 179 lll,
640 115 749 168 22-86.

136 285 245 348 excutit
265 285 417 366 amplexus
437 282 622 365 adductaque
643 285 778 349 bracchia
799 285 895 359 solvit,

134 368 345 451 inpulsumque
367 384 456 429 manu
478 367 603 445 (certum
627 380 672 434 est
691 372 763 434 mihi
785 389 853 433 rara
874 370 969 446 lateri)

134 455 272 536 protinus
293 453 395 515 avertit
415 460 559 534 tergoque
580 473 727 519 onerosus
747 455 883 520 inhaesit

133 540 219 620 siqua
240 539 313 600 fides
333 539 443 616 (neque
466 538 544 600 euim
567 541 634 604 dcta
656 543 728 604 mibi
749 541 843 621 gloria
864 558 936 602 voce

134 624 309 705 quaeritur),
331 621 459 701 inposito
481 643 603 705 pressus
625 626 819 687 mihimonte
839 624 965 688 videbar.

132 709 181 770 vix
203 717 299 770 tamen
322 705 434 768 inserui
456 710 565 772 sudore
585 710 707 772 fluentia
728 709 821 771 multo

133 788 349 862 bracchiatis
372 791 445 853 solvi
466 795 559 857 duros
578 813 595 855 a
618 811 743 873 corpora
765 811 874 855 nexus:

133 877 223 939 instat
245 874 393 938 anhelanti
416 878 613 959 prohibetque
634 895 782 939 resumere
803 877 881 938 vires

133 970 163 1022 at
184 959 297 1020 cervice
318 977 382 1023 mea
403 963 524 1042 potitur.
569 972 633 1024 tum
653 961 781 1042 denique
802 961 890 1023 tellus

133 1062 234 1125 pressa
256 1062 335 1123 genu
358 1058 459 1109 nostro
483 1058 536 1121 est,
559 1057 589 1107 et
608 1046 734 1108 harenas
756 1065 806 1109 ore
827 1047 981 1109 momordi.

132 1128 257 1190 inierim
278 1131 394 1205 virtute¹
416 1149 497 1193 meas
519 1131 649 1193 divertor
670 1131 706 1194 ad
727 1141 805 1194 artes

133 1213 293 1295 elaborque
314 1216 376 1277 viro
399 1216 522 1295 longum
543 1215 687 1279 formatus
708 1217 739 1279 in
761 1235 898 1296 anguem.

132 1299 184 1380 qui
207 1312 363 1381 postquam
384 1301 477 1361 flexos
498 1299 611 1362 sinuavi
633 1320 742 1382 corpus
762 1303 793 1363 iu
816 1302 903 1364 orbes

131 1401 261 1465 cumque
282 1385 345 1446 lero
367 1383 445 1445 mori
466 1383 597 1463 linguam
619 1386 746 1448 stridore
769 1386 921 1459 bisulcum,

131 1469 196 1532 risit
218 1479 247 1531 et
268 1468 406 1530 inludens
428 1477 544 1532 nostras
566 1470 739 1551 Tirynthius
760 1480 837 1532 artes

131 1571 296 1632 „cunarum
319 1552 403 1615 labor
424 1563 468 1616 est
488 1572 602 1636 angues
621 1572 762 1635 suparare
786 1548 938 1629 mearum',

131 1639 213 1712 dixit,
233 1632 276 1698 ‘et
297 1646 330 1699 ut
352 1637 450 1700 vincas
472 1639 555 1715 alios,
577 1639 715 1713 Acheloe,
737 1640 891 1714 dracones,

131 1741 201 1805 pars
223 1731 312 1802 quota
334 1722 482 1786 Lernaeae
503 1742 629 1805 serpens
650 1723 709 1786 eris
730 1743 809 1787 uuus
831 1719 995 1786 echidnae?

130 1807 303 1870 vulneribus
325 1808 450 1870 secunda
472 1808 535 1870 suis
557 1818 620 1871 erat
642 1809 701 1884 illa,
724 1827 779 1871 uec
800 1809 894 1871 ullum

131 1892 168 1953 de
190 1902 308 1954 centum
332 1911 457 1954 numero
480 1902 570 1975 caput
590 1902 636 1956 est
655 1895 769 1976 inpune
790 1894 928 1968 recisum,

131 1977 204 2057 quin
227 1979 345 2057 gemino
368 1978 466 2040 cervix
487 1978 597 2041 herode
618 1979 761 2041 valentior
781 1990 866 2041 asset

131 2063 208 2124 hanc
230 2081 285 2142 ego
307 2081 452 2124 ramosam
476 2063 555 2125 natis
577 2081 594 2124 o
615 2063 704 2125 caede
726 2062 857 2125 colubris

130 2159 372 2227 crescentemque
393 2146 471 2209 malo
493 2147 595 2209 domui
616 2148 755 2228 vetuique
775 2147 899 2210 renasci.

130 2232 201 2312 quid
224 2233 287 2293 iore
308 2240 338 2292 te
360 2233 471 2304 credas,
492 2231 598 2294 laisum
621 2233 670 2314 qui
694 2252 796 2295 versus
818 2233 848 2295 in
870 2248 995 2312 anguem
1023 2287 1025 2290 .

130 2335 210 2377 arma
233 2317 326 2377 aliena
348 2314 471 2378 moves?
493 2336 580 2398 quem
604 2319 697 2379 lorma
720 2319 850 2398 precaria
872 2315 991 2379 celatl“

129 2401 243 2462 dixerat
264 2412 293 2462 et
314 2420 429 2463 summo
452 2403 611 2481 digitorum
634 2403 748 2464 vincula
771 2402 847 2463 collo

131 2485 229 2547 inicit:
253 2486 382 2565 angebar
403 2506 458 2548 ceu
481 2496 602 2567 guttura
624 2487 738 2568 forcipe
759 2506 878 2568 pressus

130 2570 347 2652 pollicibusque
369 2590 449 2633 meas
470 2571 638 2652 pugnabam
661 2573 785 2633 evellere
805 2571 914 2634 lauces.

129 2656 173 2716 sic
196 2675 314 2736 quoque
335 2657 450 2718 devicto
472 2657 599 2718 restabat
621 2657 704 2719 tertia
727 2656 802 2717 tauri

130 2742 223 2801 forma
246 2741 352 2802 trucisa
374 2750 459 2803 tauro
481 2751 613 2803 mutatus
633 2741 763 2802 membra
785 2740 906 2802 rebello.

130 2825 226 2885 induit
249 2825 297 2886 ille
321 2827 393 2887 loris
415 2845 431 2886 a
453 2825 533 2888 laeva
555 2837 638 2907 parte
660 2825 785 2888 lacertos

129 2910 348 2991 admissumque
370 2911 493 2972 trahens
513 2911 650 2991 sequitur
671 2912 866 2991 depressaque
892 2910 963 2971 dura

130 3013 241 3054 cornua
265 2997 328 3072 tigit
349 2998 439 3057 humo
464 3014 570 3075 meque
592 2997 648 3057 alta
671 2997 774 3057 sternit
795 2995 914 3056 harena.
1174 3002 1203 3052 55

130 3097 185 3139 nec
208 3080 277 3139 satis
300 3081 355 3141 hoc
378 3081 490 3156 luerat;
512 3081 641 3160 rigidum
663 3082 723 3142 iera
745 3081 861 3141 dextera
885 3097 978 3139 cornu

198 3216 229 3263 55
248 3214 308 3263 milri
327 3209 421 3263 liutai
472 3216 509 3311 5¹8
528 3229 541 3263 a
561 3220 668 3313 pectore²
682 3232 694 3263 s
752 3215 784 3265 62
803 3211 951 3263 deverrere
1009 3213 1041 3264 64
1059 3209 1157 3261 sinuant
1176 3208 1201 3260 ll

128 3343 307 3413 corpusqued
369 3351 400 3398 65
420 3299 656 3446 liqrgbe-bisulcb
675 3346 698 3399 lt
761 3351 791 3400 67
812 3361 958 3398 curarume
1019 3348 1051 3396 70
1070 3343 1148 3395 ullum
1168 3361 1203 3393 ea·

130 3480 165 3532 ill.
182 3480 207 3531 lt
260 3486 289 3533 ll
309 3413 430 3533 bbrbrlbbbbb
449 3481 473 3533 lt
527 3484 681 3538 connitumr
735 3486 766 3535 il
784 3482 957 3549 domitamque
971 3480 1094 3532 reduxih
1146 3495 1202 3546 per·

130 3549 182 3600 ussi
208 3550 249 3599 aa!
270 3551 382 3616 praeussi
406 3555 474 3601 roni.
493 3553 582 3603 Heim.
649 3550 748 3602 redussi
774 3550 884 3614 „iladvig
952 3549 1043 3601 reclusi
1064 3547 1202 3609 Mar-dal'5

127 3620 225 3682 scripsi
246 3619 367 3684 retuique
390 3619 487 3669 renasci
558 3620 601 3670 all.
624 3619 715 3670 Sanco.
733 3621 828 3683 Agant.
853 3618 911 3671 835.
930 3618 996 3679 836,·
1016 3616 1080 3675 fort.
1102 3619 1202 3666 rectius

130 3685 227 3735 laeana
244 3690 282 3734 est
299 3687 450 3750 autconda,
468 3690 496 3737 in
514 3704 567 3753 qua
586 3689 651 3737 dnae
667 3687 726 3749 sere
738 3704 792 3736 esse
799 3689 962 3751 potuerunt:
979 3684 1068 3738 domit.
1104 3682 1201 3735 renasci

130 3753 239 3815 [lacibus
257 3753 365 3804 admotis
383 3753 673 3854 sociatollartesqetui]
727 3759 758 3807 to
777 3750 893 3805 erodat
939 3753 1056 3804 rredess
1107 3755 1140 3804 ts
1158 3767 1204 3801 au-

129 3889 361 3954 gebar—pressu·-
381 3888 403 3940 ll
458 3895 490 3943 §5
509 3830 599 3955 b'rtgbirtmt
624 3887 639 3941 1.

182 3981 261 4027 Ouid,
277 3981 364 4022 blatam.
975 3973 1013 4022 ᾖ
