2692 4230
128 125 277 164 cerasten
307 125 452 164 erouaurou
589 107 621 172 ll,
641 109 782 162 teu-tot.
1158 105 1218 167 221

147 282 211 365 ipsa
232 301 300 344 suas
322 281 411 344 urbes
434 276 636 359 Ophiusiaque
657 296 726 339 arva
746 277 867 359 parabat

148 368 284 430 deserere
306 366 379 428 alma
402 363 512 424 Venus.
557 364 628 440 „sed
650 363 720 444 quid
742 363 805 427 loca
829 372 919 445 grata,
943 361 1012 442 quid
1035 363 1124 426 urbes
1177 374 1221 426 tto

147 470 307 534 peccavere
328 444 433 510 meae?
456 448 555 528 quod“
578 448 650 511 dixit
672 449 804 527 „crimen
826 450 858 511 in
880 443 963 510 illis?

147 537 233 598 exilio
256 550 384 616 poenam
406 534 506 612 potius
527 552 601 614 gens
622 534 702 614 inpia
723 534 842 614 pendat,

146 622 192 683 vel
215 637 299 692 nece,
321 616 365 678 vel
388 617 486 698 siquid
506 620 636 681 medium
657 627 701 678 est
722 619 885 700 mortisque
912 619 1066 698 fugaeque.

147 706 236 786 idque
259 702 330 782 quid
353 721 417 764 esse
439 715 545 786 potest,
568 703 624 765 nisi
646 719 744 762 versae
766 720 862 783 poena
883 700 1038 783 figurae‘l“

147 791 217 852 dum
240 786 364 863 dubitat,
388 808 446 870 quo
468 797 564 851 mutet
586 805 647 859 eos,
669 786 705 866 ad
727 802 838 848 cornua
859 787 971 849 vultum

146 872 228 935 flexit
250 883 279 932 et
300 874 448 936 admonita
470 884 513 935 est
535 874 608 934 haec
629 869 687 930 illis
709 887 797 950 posse
819 871 963 950 relinqui:

147 957 328 1037 grandiaque
349 961 380 1021 in
402 970 502 1020 torvos
522 957 711 1018 transformat
732 955 862 1018 membra
884 956 1034 1017 iuvencos.

234 1041 311 1106 Sunt
333 1054 429 1105 tamen
453 1042 597 1103 obscenae
618 1041 762 1103 Venerem
783 1041 976 1123 Propoetides
997 1059 1085 1103 ausae

147 1145 212 1188 esse
234 1148 342 1208 negare
365 1130 457 1190 deam.
501 1147 557 1209 pro
580 1145 639 1208 quo
661 1145 724 1201 sua,
747 1127 878 1190 numinis
899 1127 953 1202 ira,

147 1230 273 1295 corpora
296 1232 363 1275 cum
385 1214 480 1275 forma
501 1213 614 1294 primae
635 1211 768 1292 vulgasse
790 1213 942 1274 lentatur:

146 1307 239 1378 utque
261 1299 359 1379 pudor
381 1299 469 1360 cessit
491 1296 671 1377 sanguisque
693 1297 825 1359 induruit
846 1297 916 1371 oris,

146 1381 178 1444 in
200 1383 328 1463 rigidum
351 1402 440 1463 parvo
463 1382 575 1443 silicem
591 1381 766 1443 discrimine
787 1399 895 1443 versae.

233 1467 313 1538 Quas
333 1467 402 1547 quia
424 1465 596 1548 Pygmalion
619 1485 721 1529 aerum
743 1485 797 1547 per
818 1466 930 1528 crimen
954 1475 1074 1546 agentes

146 1552 266 1626 viderat,
290 1553 422 1613 ollensus
443 1551 533 1627 vitiis,
556 1571 630 1633 quae
652 1551 777 1634 plurime
799 1552 892 1614 menti

146 1637 292 1699 femineae
315 1647 418 1699 natura
440 1637 530 1719 dedit,
552 1638 617 1698 sine
639 1637 765 1718 coniuge
787 1636 902 1699 caelebs

146 1721 261 1783 vivebat
283 1721 462 1803 thalamique
484 1722 536 1783 diu
558 1733 696 1783 consorte
718 1720 843 1783 carebat.

147 1805 259 1868 interea
282 1807 401 1869 niveum
422 1806 497 1868 mira
519 1805 645 1868 lelioiter
665 1815 729 1868 arte

147 1890 272 1972 sculpsit
294 1892 369 1953 ebur
391 1891 575 1972 formamque
596 1890 685 1965 dedit,
708 1910 765 1972 qua
786 1889 895 1953 lemine
918 1888 998 1952 nasci
1068 1967 1069 1970 Ἴ

148 1976 229 2038 nulla
251 1973 363 2057 potest:
388 1977 546 2058 operisque
567 1976 613 2038 sui
636 1977 774 2058 concepit
794 1993 933 2038 amorem.

147 2061 271 2140 virginis
293 2072 336 2122 est
358 2061 564 2135 temerarias,
587 2078 674 2141 quam
696 2061 791 2123 vivere
816 2060 927 2135 credas,

148 2156 187 2221 et,
210 2146 234 2207 si
258 2165 319 2207 non
343 2146 440 2207 obstet
461 2147 633 2220 reverentia,
658 2145 732 2208 velle
753 2144 880 2207 moveri:

147 2249 196 2291 ars
218 2230 290 2292 adeo
314 2231 385 2292 latet
405 2243 468 2293 arte
490 2251 552 2293 sua.
596 2231 719 2293 miratur
740 2242 769 2293 et
789 2230 888 2293 haurit

147 2325 269 2396 pectore
290 2315 462 2397 Pygmalion
485 2316 612 2378 simulati
634 2316 769 2397 corporis
790 2316 883 2396 ignes.

147 2419 236 2481 saepe
258 2419 363 2463 manus
386 2401 469 2482 operi
491 2411 668 2482 temptantes
689 2402 832 2476 admovet,
853 2419 891 2462 an
914 2400 953 2462 sit

148 2504 259 2567 corpus
280 2505 318 2547 an
341 2485 414 2548 illud
437 2486 525 2548 ebur:
549 2505 605 2548 nec
626 2486 723 2548 adhuc
744 2486 818 2548 ebur
839 2503 905 2547 esse
926 2485 1043 2547 latetur.

149 2570 251 2632 oscula
273 2572 322 2632 dat
343 2572 486 2652 reddique
507 2580 601 2654 putat,
623 2571 813 2653 loquiturque
834 2579 983 2651 tenetque,

149 2666 179 2716 et
202 2656 295 2717 credit
317 2657 401 2717 tactis
422 2657 531 2736 digitos
553 2657 681 2718 insidere
703 2655 853 2730 membris,

150 2750 178 2801 et
199 2741 317 2816 metuit,
339 2759 458 2821 pressos
479 2742 575 2804 veniat
597 2760 635 2803 ne
656 2741 731 2802 livor
752 2741 782 2802 in
804 2751 895 2803 amus.

150 2835 179 2886 et
200 2827 289 2887 modo
311 2826 467 2889 blanditias
488 2827 615 2901 adhibet,
637 2827 725 2888 modo
747 2836 828 2906 grata
850 2825 959 2907 puellis

149 2929 273 2971 munera
295 2912 352 2973 lert
374 2911 416 2972 illi
440 2913 567 2974 concbas
588 2921 755 2992 teretesque
779 2910 895 2992 lapillos

149 3005 179 3056 et
201 3015 304 3076 parvas
326 2996 461 3059 volucres
482 3007 511 3059 et
536 2997 625 3058 llores
645 2997 726 3058 mille
748 2995 879 3059 colorum

149 3078 269 3160 liliaque
293 3082 445 3163 pictasque
467 3082 541 3164 pilas
564 3093 592 3144 et
614 3083 650 3144 ab
673 3081 778 3145 arbore
798 3082 895 3164 lapsas

219 3268 268 3317 229
287 3266 459 3334 oplriustaquo
477 3266 502 3318 bl
561 3267 772 3335 opbitusiaquee
835 3268 882 3320 231
904 3269 998 3320 crimen
1017 3265 1110 3317 dixite
1175 3266 1225 3317 232

151 3332 288 3385 erilloltl
354 3336 402 3387 233
423 3340 462 3385 est
480 3351 561 3386 orme
625 3338 674 3389 233
693 3334 888 3403 propesddeslt
941 3331 1110 3402 propeidesl
1174 3335 1224 3385 239

174 3441 190 3477 o
665 3419 808 3487 lrulgasse

150 3485 215 3552 quill
232 3483 257 3536 bl
310 3483 394 3554 quai.
447 3489 496 3540 240
514 3487 627 3554 primoa
696 3496 838 3542 mutasset
890 3483 1037 3541 mutasset
1100 3490 1147 3540 tlt
1168 3502 1226 3538 san-

937 3572 1036 3627 derum
1054 3589 1099 3641 per
1118 3573 1213 3624 odmen

150 3636 250 3703 guisbl
322 3641 371 3691 243
391 3637 418 3692 P.
438 3656 534 3707 aequus
558 3658 603 3708 per
627 3642 730 3694 crimina
748 3640 875 3708 gentisbl
947 3651 1012 3694 uerti
1057 3657 1102 3708 per
1119 3642 1224 3693 crimina

151 3730 257 3787 agentes

167 3790 283 3855 gentisa
330 3808 405 3844 evum
420 3793 705 3861 percrimiuageutisl
757 3762 965 3866 atematpsiilt
1017 3795 1154 3848 tetlatet.
1172 3804 1227 3849 arte

150 3858 338 3911 soamiraturbl
386 3861 586 3915 ibdamotetbl
634 3867 684 3918 258
698 3865 782 3917 veniat
796 3868 814 3930 (i
827 3883 863 3917 ιω
874 3863 928 3932 eli
976 3865 1025 3917 362
1039 3864 1092 3915 lilia
1106 3881 1151 3933 per
1164 3863 1226 3931 pbl
