2692 4230
93 133 156 196 222
550 144 705 201 usquurd
965 195 968 201 ,
1018 115 1162 206 eremmon

94 313 248 381 Heliadum
270 318 419 395 lacrimam
441 326 528 381 ornat
549 332 669 395 quoque
689 317 818 402 vestibus
839 330 929 397 artus,

93 400 143 466 dat
163 403 264 484 digitis
284 421 424 485 gemmas,
446 401 495 463 dat
516 399 604 476 longa
625 398 747 462 monilia
770 403 857 481 collo,

93 504 163 550 aure
183 488 260 552 leves
280 489 379 563 bacae,
420 481 592 547 redimicula
614 493 736 563 pectore
759 490 898 566 pendent,
1073 521 1076 529 ·
1115 500 1158 552 tut

93 582 198 637 cuncta
218 575 338 636 decent:
361 587 417 632 nec
438 567 517 629 nuda
539 567 638 629 minus
659 567 789 632 formosa
810 574 933 639 videtur.

92 657 228 721 conlocat
247 659 324 719 hanc
343 652 442 716 stratis
464 652 577 714 concha
598 651 740 715 Sidonide
762 653 864 720 tinctis

90 742 274 824 adpellatque
295 739 353 801 tori
374 736 484 799 sociam
506 736 710 818 adclinataque
731 737 807 800 colla

90 826 228 889 mollibus
248 826 280 887 in
302 821 420 903 plumis,
442 829 591 903 tamquam
612 841 746 897 sensura,
770 826 898 904 reponit

90 910 162 974 lesta
184 911 245 972 dies
266 905 387 969 Veneris
408 914 469 969 tota
490 905 679 971 celeberrima
702 905 799 988 Cypro

90 1004 218 1067 venerat,
240 1001 271 1053 et
291 991 396 1071 pandis
416 989 553 1054 inductae
574 993 715 1056 cornibus
738 1010 845 1054 aurum

90 1078 280 1142 conciderant
300 1075 374 1137 ictae
394 1075 479 1138 nirea
500 1077 613 1140 cervice
632 1078 783 1151 iuvencae,

89 1173 213 1241 turaque
234 1159 399 1223 lumabantr
421 1179 490 1224 cum
511 1179 635 1226 munere
655 1163 776 1226 iunctus
796 1162 832 1224 ad
853 1180 920 1224 aras

89 1245 221 1309 consriaia
242 1256 271 1308 et
292 1245 402 1320 timide,
425 1247 470 1324 „si
492 1246 522 1310 di
543 1248 613 1311 dare
633 1257 740 1312 cuncta
762 1247 894 1331 potestis,

87 1330 127 1392 sit
146 1331 285 1404 coniunx,
306 1324 398 1412 opto’‚
421 1351 482 1395 non
503 1351 593 1396 ausus
610 1325 756 1396 ‘eburnea
777 1331 867 1414 virgo’

88 1415 196 1489 dicere,
217 1415 387 1497 Pygmalion
406 1409 523 1480 ‘similis
543 1411 617 1480 mea'
639 1418 713 1480 dixit
731 1411 895 1480 ‘eburnae'.

88 1499 189 1576 sensit,
211 1511 245 1563 ut
265 1502 328 1582 ipsa
350 1501 412 1564 suis
432 1503 532 1565 aderat
552 1500 652 1564 Venus
672 1519 761 1564 aurea
782 1503 875 1576 lestis,

88 1594 154 1648 vota
176 1586 246 1667 quid
266 1585 316 1648 illa
337 1585 446 1647 velint:
469 1595 509 1660 et,
529 1584 616 1647 amici
638 1585 771 1646 numinis
792 1604 890 1661 omen,

88 1669 202 1732 flamma
225 1679 268 1732 ter
289 1687 411 1731 accensa
432 1678 477 1731 est
497 1669 671 1750 apicemque
692 1687 748 1750 per
768 1678 835 1731 atra
857 1671 947 1732 duxit

87 1764 121 1816 ut
140 1754 235 1827 rediit,
256 1753 410 1815 simulacra
431 1772 503 1815 suae
523 1752 597 1835 petit
616 1751 666 1816 illc
688 1753 804 1835 puellae

87 1837 319 1918 incumbensque
339 1847 405 1901 toro
427 1839 507 1901 dedit
528 1838 644 1901 oscula:
667 1839 728 1901 visa
749 1847 850 1920 tepere
871 1848 925 1901 est

87 1923 220 1985 admovet
239 1941 274 1984 os
296 1923 412 1997 iterum,
433 1923 570 1986 manibus
592 1940 711 2004 quoque
733 1934 852 2004 pectora
873 1930 1010 2004 temptat:

88 2017 259 2088 temptatum
280 2007 425 2070 mollescit
446 2007 521 2070 ebur
541 2008 700 2089 positoque
722 2007 822 2086 rigore

25 2155 29 2164 ,
85 2092 209 2155 subsidit
228 2092 327 2171 digitis
348 2092 493 2174 ceditque,
516 2102 549 2154 ut
570 2090 716 2172 Hymettia
739 2090 802 2154 sole

86 2196 152 2240 cera
173 2176 351 2239 remollescit
371 2186 550 2258 tractataque
571 2176 680 2258 pollice
700 2176 808 2240 multas

86 2262 213 2325 flectitur
233 2262 264 2323 in
286 2262 376 2323 lacies
397 2262 521 2343 ipsoque
542 2262 575 2323 llt
595 2260 676 2323 utilis
698 2280 765 2323 usu.

85 2347 155 2409 dum
175 2357 274 2427 stupet
296 2357 325 2408 et
345 2346 434 2408 dubie
455 2346 562 2426 gaudet
581 2345 701 2427 lallique
722 2354 849 2419 veretur,

86 2451 187 2494 rursus
207 2449 309 2494 amans
329 2450 490 2512 rursusque
510 2449 601 2493 manu
623 2449 676 2492 sua
697 2439 764 2493 rota
785 2439 930 2492 retractat.

85 2534 194 2598 corpus
214 2525 291 2578 erat:
313 2516 422 2578 saliunt
442 2525 598 2597 temptatae
618 2515 728 2596 pollice
749 2534 849 2577 venae.

85 2611 147 2663 tum
168 2619 235 2663 vero
257 2601 386 2682 Paphius
407 2600 577 2682 plenissima
598 2600 731 2681 concipit
752 2601 840 2663 heros

84 2686 180 2760 verba,
203 2684 311 2766 quibus
331 2686 436 2748 Veneri
458 2695 555 2767 grates
575 2685 646 2766 agit,
669 2702 781 2765 oraque
802 2685 919 2747 tandem

85 2788 137 2832 ore
158 2789 212 2833 suo
236 2788 296 2832 non
318 2769 389 2832 lalsa
412 2771 535 2851 premit:
558 2771 686 2851 dataque
707 2769 808 2831 oscula
829 2769 911 2848 virgo

84 2857 175 2918 sensit
197 2865 227 2917 et
249 2854 375 2929 erubuit,
397 2855 591 2936 timidumque
612 2856 649 2918 ad
670 2855 783 2917 lumina
804 2854 904 2916 lumen

83 2941 219 3002 attollens
241 2940 350 3020 pariter
371 2958 439 3002 cum
461 2940 543 3004 caelo
564 2940 636 3002 vidit
655 2948 812 3002 amantem.

84 3025 231 3105 coniugio,
253 3026 331 3104 quod
353 3025 432 3099 lecit,
453 3025 536 3088 adest
557 3026 620 3088 dea.
664 3025 782 3105 mmque
802 3022 912 3085 coactis
1105 3032 1148 3083 tuo

83 3109 224 3172 cornibus
244 3110 274 3171 in
298 3109 420 3191 plenum
441 3111 565 3172 noviens
585 3109 740 3172 lunaribus
762 3108 865 3169 orbem

84 3194 132 3257 illa
153 3194 274 3276 Paphon
297 3195 410 3274 genuit,
432 3195 469 3257 de
491 3213 548 3276 qua
570 3203 650 3256 tenet
672 3194 768 3255 insula
792 3210 910 3255 nomen.

83 3305 340 3408 With
356 3346 374 3396 ἰ.
386 3344 420 3402 r.)
437 3341 463 3395 Μ
516 3345 566 3396 284
583 3341 689 3394 munilia
707 3342 777 3406 (nilis
796 3344 814 3393 ι’.
827 3343 861 3405 r.)
878 3337 903 3390 ll
956 3341 1004 3392 285
1023 3340 1105 3408 bajlcq
1122 3337 1148 3390 ll

322 3428 445 3482 lblandis
463 3428 565 3497 inducte
583 3427 702 3480 cornibus
720 3443 809 3479 aurum

82 3501 130 3552 2¹11
144 3497 274 3550 blandisG
354 3497 448 3550 auratis
474 3502 562 3566 ornatq
588 3510 683 3548 cornua
724 3495 796 3547 vittis
826 3512 840 3545 ι
893 3492 983 3561 pandis
1002 3495 1036 3545 ei.
1052 3494 1132 3544 licina

84 3567 198 3620 Gronov.
249 3567 298 3617 212
317 3568 354 3629 nt]
373 3569 400 3616 at
416 3562 442 3615 ll
500 3565 550 3617 282
569 3561 713 3617 amoretll
774 3564 824 3616 282
842 3560 1038 3626 ebur-rigore
1056 3565 1074 3613 t.
1091 3530 1149 3613 ni

82 3705 132 3757 284
150 3700 298 3755 subseditd
349 3698 459 3753 subsidit
470 3700 560 3751 Herm.
612 3696 749 3750 himetiaA
800 3698 851 3776 285
864 3648 1030 3764 acaciiquetl
1082 3694 1148 3747 nrnl·

83 3777 172 3839 lacque
189 3774 250 3838 (quq
267 3771 291 3833 a)
313 3768 407 3836 pollice
425 3775 537 3824 tractae
595 3768 645 3818 282
670 3764 759 3832 dubie}
777 3764 895 3821 medior
956 3766 1005 3817 288
1024 3758 1148 3816 manual

80 3841 130 3893 282
143 3844 230 3905 agate
281 3838 330 3890 295
342 3836 461 3918 coningio
475 3835 583 3901 (ultima
593 3835 672 3886 litora
682 3849 806 3898 aaron„
819 3836 922 3900 partim
931 3836 949 3885 ι’.
958 3837 994 3894 r.)
1004 3830 1073 3900 qnod
1085 3829 1147 3883 iecit

73 3908 103 3956 ei
116 3904 206 3958 dead!
256 3906 308 3960 298
324 3900 476 3974 implenti
528 3905 576 3956 282
596 3917 700 3954 verram
716 3900 814 3952 delevit
826 3902 938 3952 Surdior
988 3899 1049 3967 qna}
1067 3893 1147 3967 quoi
