2692 4230
137 114 178 173 94
592 120 743 173 llETAllll.
956 136 1073 177 cassans.
1101 139 1201 178 uanum

136 288 307 370 Gorgoneas
328 293 458 373 tetigisse
477 293 590 353 domos.
634 289 799 369 passimque
820 313 874 375 per
894 312 981 374 agros
1096 343 1101 354 .
1129 304 1133 312 '

135 394 248 457 perque
270 378 329 439 vias
351 379 455 440 vidisse
476 372 630 436 homiuum
650 372 803 436 simulacra
825 379 1010 461 terarumque
1157 389 1202 441 ‘lat

136 460 167 521 in
190 462 301 524 silicem
324 481 359 523 ex
381 460 454 543 ipsis
473 459 532 518 visa
553 474 693 517 conversa
714 457 841 522 Medusa.
1106 468 1109 473 ’

135 564 167 607 se
189 557 288 608 tanuen
310 544 473 608 horrendae
494 540 590 621 clipei,
613 543 691 622 quod
713 541 791 603 laeva
812 547 941 623 gerebat,

134 650 202 693 aere
223 648 396 712 repercusso
419 627 543 688 sormam
562 627 730 707 adspexisse
751 626 895 704 Medusae,

135 734 264 796 cumque
285 714 379 794 gravis
400 728 523 773 somnus
543 709 739 793 colubrasque
759 711 911 794 ipsamque
931 720 1060 793 tenebat,

135 799 279 881 eripuisse
300 807 389 878 caput
409 794 502 870 collo;
525 795 689 878 pennisque
710 798 843 876 fugacem

133 884 267 962 Pegason
289 895 319 943 et
340 882 459 943 fratrem
481 880 581 941 matris
602 882 639 943 de
659 882 803 962 sangnine
825 892 910 945 natos

132 969 242 1031 addidit
264 978 293 1028 et
314 965 396 1046 longi
418 984 479 1027 non
501 964 573 1027 tusa
594 967 722 1048 pericula
745 984 858 1039 cursus,

133 1071 208 1133 quae
230 1053 313 1124 irata,
336 1068 408 1131 quas
423 1062 522 1115 ‚terras
543 1051 598 1113 sub
620 1053 790 1115 se'vidisset
810 1051 847 1114 ab
868 1052 926 1113 alto

133 1146 163 1198 et
184 1154 259 1217 quae
280 1135 393 1197 iactatis
413 1134 557 1216 tetigisset
576 1137 671 1200 sidera
692 1138 807 1220 pennis.

132 1231 200 1283 ante
223 1229 422 1300 exspectatum
444 1222 534 1284 tacuit
554 1232 662 1285 nmen.
705 1222 812 1305 excipit
832 1239 910 1284 unus

132 1323 168 1366 ex
190 1323 313 1366 numero
335 1325 501 1387 procerum,
523 1326 677 1388 quaerens,
699 1308 835 1370 corsola
857 1323 991 1369 sororum

132 1389 256 1468 gesserit
276 1389 397 1453 alternis
418 1392 557 1454 inmixtos
578 1391 708 1454 crinibus
728 1411 849 1473 angues.

133 1473 242 1554 hospes
263 1475 302 1537 ait
320 1468 474 1557 ‘quoniam
495 1476 608 1539 scitaris
629 1476 717 1555 digna
738 1478 841 1552 relatu,

131 1559 233 1639 accipe
254 1562 378 1640 quaesiti
400 1580 526 1623 causam.
548 1560 707 1621 clarissima
728 1561 821 1621 lorma

131 1643 350 1725 multorumque
371 1646 426 1706 luit
447 1663 515 1725 spes
536 1643 676 1704 inuidiosa
696 1661 856 1722 procorum

132 1729 196 1790 illa:
220 1747 317 1809 neque
338 1729 369 1789 in
392 1739 451 1790 tota
473 1727 659 1808 conspectior
681 1726 739 1788 ulla
760 1728 871 1809 capillis

131 1833 200 1893 pars
221 1814 284 1874 luit
328 1813 438 1888 inveni,
460 1812 511 1893 qui
532 1830 564 1873 se
585 1812 690 1873 vidisse
711 1814 841 1874 relerret

131 1898 208 1959 lranc
229 1898 324 1979 pelagi
345 1908 444 1959 rector
465 1895 576 1978 templo
597 1897 712 1959 vitiasse
732 1897 877 1959 llinervae

131 1981 248 2043 dicitur.
291 2001 390 2045 aversa
413 1991 458 2045 est
481 1992 511 2044 et
532 1991 627 2043 castos
648 1981 748 2060 aegide
769 1983 866 2044 vultus

132 2077 199 2127 nata
221 2066 297 2128 lovis
319 2068 406 2142 texit3
430 2087 505 2129 neve
525 2068 583 2128 hoc
603 2066 716 2147 inpune
737 2067 848 2141 luisset,

123 2150 321 2230 ‘Gorgoneum
344 2153 456 2214 crinem
478 2164 580 2234 turpes
601 2151 720 2212 mutarit
741 2152 772 2213 in
795 2153 911 2232 hydros.

131 2231 225 2320 [nunc
247 2255 375 2317 quoque,
398 2248 431 2299 ut
451 2238 592 2299 attonitos
613 2236 767 2298 lormidine
788 2248 895 2298 terreat
915 2237 1024 2309 hostes,

131 2333 253 2402 pectore
275 2323 305 2382 in
329 2323 459 2397 adverso,
482 2341 557 2403 quos
578 2321 656 2395 lecit,
677 2321 802 2382 sustinet
823 2315 963 2401 angues']

563 2507 762 2515 ——-—-—-—-

478 2656 615 2740 LIBER
641 2655 852 2742 QUINTUS.

216 2829 351 2908 Dumque
372 2847 405 2890 ea
427 2828 597 2911 Cephenum
618 2830 714 2891 medio
736 2829 881 2890 Danaelus
901 2829 987 2888 heros

130 2915 248 2994 agmine
270 2926 489 2988 commemorat,
511 2915 631 2977 fremida
652 2913 760 2994 regalia
781 2913 865 2975 turba

199 3118 248 3168 180
267 3078 380 3180 νῑςῖιεΜ
427 3114 535 3166 leramm
553 3119 657 3176 (cnunc
676 3115 774 3182 quein
826 3114 874 3166 182
891 3115 960 3162 eice
1005 3109 1052 3162 sed
1070 3109 1196 3161 umens

129 3181 294 3235 horrendoll
363 3186 411 3236 183
435 3197 608 3249 repercussam
624 3185 735 3248 empsit
749 3181 823 3232 lliese
889 3182 938 3232 ast
956 3178 1123 3298 durrquqzd,
1147 3193 1196 3230 cm.

129 3318 273 3381 Hoffmann
325 3321 374 3371 185
394 3304 536 3386 pennisirq:
555 3319 572 3382 ti
589 3322 608 3370 i.
625 3321 659 3383 r.)
675 3317 700 3369 ll
752 3319 801 3370 186
820 3315 948 3366 iratresA
983 3313 1100 3366 sontesa
1137 3328 1196 3363 cor-

128 3385 354 3452 raesenltegtus
406 3389 454 3439 190
472 3391 541 3440 sica
574 3395 633 3438 ante
650 3385 824 3452 spectatumA
872 3385 919 3434 191
937 3382 1003 3444 sola]
1017 3397 1098 3434 unas
1145 3382 1194 3434 192

127 3521 280 3575 alterncsll
332 3524 381 3575 194
400 3522 530 3589 quaesitill
547 3526 622 3580 (erac.
641 3519 700 3586 illi
751 3522 800 3573 196
819 3535 896 3570 neca
937 3516 1000 3569 totis
1017 3511 1060 3567 Bi.
1095 3472 1194 3568 mauu

129 3593 178 3643 191
197 3591 359 3647 reserrentc
426 3592 476 3642 199
493 3585 638 3643 aduersal
706 3591 754 3641 890
775 3587 842 3640 ioris
863 3586 925 3639 texit
946 3601 981 3636 ccc
1001 3584 1054 3636 ioci
1078 3583 1152 3635 stetit
1169 3582 1195 3636 ll

131 3660 215 3710 8023
229 3661 391 3725 proscripsit
407 3658 500 3725 Haupt
1095 3700 1097 3705 .

196 3725 412 3792 V‚1daueiusc
455 3727 592 3796 dtameins
607 3725 634 3778 ol
693 3725 828 3779 ilremitu
845 3751 879 3762 -
896 3722 1018 3777 turbaes·
1052 3718 1194 3773 fremitus

317 3794 329 3846 l
346 3793 390 3864 be·

126 3866 164 3926 (tn
181 3866 200 3916 i.
218 3867 253 3929 r.)
304 3864 378 3916 turba
396 3867 437 3929 (in
453 3878 539 3928 marg.
557 3861 589 3914 be
605 3858 617 3913 l
633 3840 735 3913 fremitu
742 3859 758 3925 'l
776 3858 801 3910 il
