2692 4230
96 131 158 193 304
514 190 517 195 ,
569 137 724 194 ΜΕΤΑΜΜ.
1051 155 1167 195 onancos

97 307 239 387 puniceus
261 309 297 372 de
318 309 396 373 mole
417 326 507 372 cruor
526 305 673 379 manabat,
695 316 725 368 et
746 308 823 372 intra

97 394 236 474 temporis
257 395 394 474 exiguum
415 390 509 454 rubor
529 407 704 451 evanescere
725 395 825 474 coepit

97 476 188 559 fitque
209 479 290 541 color
310 479 405 560 primo
427 472 537 537 turbati
558 472 690 547 lluminis
710 473 805 538 imbre
1140 515 1143 521 -

98 573 296 645 purgaturque
316 578 408 623 mora.
452 566 515 619 tum
536 557 630 619 moles
651 557 741 620 fracta
764 560 898 638 dehiscit,
1119 568 1167 622 890

98 647 216 728 vivaque
236 665 290 728 per
311 645 400 706 rimas
421 659 604 724 proceraque
625 641 721 721 surgit
743 643 886 723 harundo,

98 750 190 812 osque
212 747 312 793 carum
333 727 395 789 saxi
416 735 502 788 sonat
522 726 737 790 exsultantibus
757 728 862 790 undisz

98 816 230 896 miraque
250 831 307 885 res,
334 810 432 873 subito
454 811 549 873 media
572 821 660 874 tenus
681 810 791 873 exstitit
811 811 875 873 alno

98 901 244 962 incinctus
265 896 377 958 iuvenis
399 895 483 957 flexis
505 915 580 960 nova
602 915 713 960 cornua
735 896 849 971 cannis,

98 985 158 1064 qui,
181 981 236 1043 nisi
259 981 336 1061 quod
359 980 462 1053 maior,
485 981 564 1060 quod
587 990 650 1045 toto
672 980 808 1044 eaerulus
829 999 891 1057 ore,

97 1069 165 1129 Acis
187 1074 255 1127 erat.
298 1065 349 1126 sed
370 1067 414 1127 sic
436 1083 556 1146 quoque
578 1078 640 1131 erat
661 1075 758 1128 tamen
781 1065 860 1140 Acis,
882 1065 914 1127 in
936 1084 1051 1130 amnem

97 1169 206 1221 versus,
229 1159 258 1211 et
278 1150 433 1229 antiquum
454 1159 617 1213 tenuerunt
638 1151 760 1214 llumina
782 1154 922 1212 nomen.“

181 1234 311 1297 Desierat
332 1233 449 1297 Galatea
472 1234 564 1316 loqui,
587 1245 733 1318 coetuque
754 1233 851 1298 soluto

98 1319 249 1381 discedunt
270 1317 449 1401 placidisque
471 1329 577 1383 namot
597 1321 737 1384 Neretdes
758 1320 858 1384 undis.

98 1402 193 1483 Scylla
215 1403 305 1478 redit;
329 1423 425 1485 neque
448 1405 526 1467 enim
548 1406 645 1468 medio
668 1425 700 1468 se
722 1407 841 1468 credere
863 1412 955 1486 ponto

98 1489 192 1550 audet.
237 1499 267 1550 et
288 1498 338 1551 aut
359 1489 459 1553 bibula
479 1490 545 1552 sine
566 1491 697 1552 vestibus
718 1500 796 1553 errat
816 1491 935 1562 harena,

97 1585 156 1647 aut,
177 1573 227 1635 ubi
249 1572 351 1636 lassata
373 1584 427 1648 est,
448 1575 586 1636 seductos
608 1585 691 1636 nacta
713 1593 847 1636 recessus

98 1659 230 1738 gurgitis,
252 1658 364 1720 inclusa
385 1675 439 1719 sua
459 1656 592 1719 membra
613 1657 765 1735 refrigerat
787 1660 874 1720 unda.

100 1761 167 1803 ecce
187 1743 261 1804 freto
283 1742 420 1816 stridens,
443 1741 494 1818 alti
517 1759 611 1802 novus
631 1739 728 1803 incola
751 1742 835 1822 ponti

99 1846 193 1908 nuper
214 1827 245 1888 in
267 1825 396 1887 Euboica
418 1825 511 1888 versis
532 1826 708 1888 Anthedone
730 1825 880 1899 membris,

99 1910 225 1972 Glaucus
246 1911 328 1972 adest
347 1910 484 1991 visaeque
506 1910 647 1992 cupidine
667 1910 789 1990 virginis
810 1911 912 1972 haeret

100 2004 130 2056 et
151 2013 352 2075 quaecumque
372 2004 457 2076 putat
478 1995 641 2074 lugientem
666 2013 751 2076 posse
772 1994 881 2057 morari

98 2079 184 2141 rerba
206 2081 303 2141 refert.
346 2080 421 2160 lugit
441 2078 490 2141 illa
512 2089 611 2142 umen
633 2079 775 2161 veloxque
796 2081 901 2141 timore

101 2164 232 2246 pervenit
253 2165 283 2225 in
306 2182 454 2226 summum
478 2164 567 2245 positi
589 2182 684 2246 prope
706 2164 790 2227 litora
812 2163 932 2226 montis.
1010 2215 1014 2224 .

99 2260 166 2311 ante
187 2249 292 2310 lretnm
315 2260 368 2322 est,
390 2249 497 2328 ingens
519 2249 635 2329 apicem
657 2248 810 2311 conlectus
831 2249 862 2311 in
886 2264 979 2310 unum

100 2333 206 2412 longus
227 2334 263 2394 ab
285 2333 463 2413 aequoribus
485 2351 634 2395 convexus
655 2333 687 2395 in
708 2352 836 2414 aequora
857 2341 966 2394 vertex.

100 2418 228 2479 constitit
249 2417 306 2491 hie,
330 2427 359 2479 et
381 2427 442 2480 tuta
463 2417 542 2491 loco,
563 2428 769 2480 monstrumne
790 2419 902 2481 deusne

100 2503 149 2564 illc
170 2503 215 2575 sit,
238 2503 388 2581 ignorans,
410 2501 629 2583 admiraturque
651 2503 780 2565 colorent

101 2587 314 2666 caesariemque
336 2605 454 2649 umeros
476 2586 668 2667 subiectaque
689 2598 770 2667 terga
793 2594 949 2667 tegentem,

101 2671 260 2751 ultimaque
280 2672 405 2753 excipiat
425 2673 505 2752 quod
528 2671 636 2734 tortilis
659 2673 780 2752 inguina
802 2671 902 2753 piscis.

101 2757 200 2829 sensit,
222 2767 248 2816 et
271 2756 412 2830 innitens,
433 2774 509 2837 quae
530 2756 625 2819 stabat
646 2757 789 2839 proxima,
810 2755 892 2827 moli,

97 2833 170 2903 ‘non
193 2859 245 2920 ego
268 2840 434 2921 prodigium
457 2858 513 2902 nec
534 2859 601 2902 sum
622 2843 683 2903 lena
705 2841 800 2915 belua,
822 2841 914 2918 virgo,

100 2927 150 2987 sed
172 2919 257 2986 deus'
281 2925 376 3005 inquit
395 2919 518 3005 ‘aquaea
542 2943 598 2987 nec
620 2926 713 2988 maius
734 2926 765 2988 in
788 2942 914 3006 aequora
936 2922 1059 2985 Proteus

101 3011 147 3072 ius
167 3009 254 3071 babet
276 3021 305 3070 et
326 3009 429 3071 Triton
452 3009 747 3091 Athamantiadesque
768 3009 934 3072 Palaemon.

101 3104 166 3156 ante
187 3105 283 3155 tamen
305 3093 436 3156 mortalis
457 3112 547 3166 eram,
570 3095 631 3188 sed,
653 3095 765 3156 scilicet
786 3094 852 3156 altis
1121 3098 1165 3149 9²⁰

167 3263 215 3314 991
239 3259 270 3311 de
294 3258 401 3311 morell
461 3261 541 3312 aerbo
565 3260 683 3312 manabat
706 3275 789 3326 usque
812 3261 849 3312 ad
868 3259 945 3312 rubor
967 3256 1060 3310 orell
1122 3272 1166 3307 ra·

102 3343 202 3380 neseere
222 3326 244 3377 Μ
315 3329 363 3380 890
381 3341 465 3380 moras
482 3326 508 3378 Μ
579 3327 664 3379 mollis
681 3325 706 3377 Μ
775 3329 882 3380 taetall
945 3326 1025 3378 tracta
1043 3326 1166 3377 1110119111

102 3398 147 3448 891
169 3401 352 3462 properataque
370 3393 394 3444 Μ
459 3395 509 3448 992
527 3395 596 3446 saxis
614 3411 634 3448 s.
652 3395 862 3447 exduuitantibus
880 3394 904 3446 lll
968 3393 1132 3447 exulantibus
1148 3392 1165 3444 h

101 3466 151 3517 891
169 3461 275 3514 oanisll
326 3462 588 3530 895nisi1nequell
641 3479 684 3515 ore
702 3471 774 3519 estc
824 3466 873 3517 890
886 3462 940 3525 sed]
971 3461 1058 3516 uodbl
1105 3461 1165 3515 eth
1243 3491 1246 3498 ·

101 3534 150 3583 902
167 3529 322 3609 seductaque
340 3528 364 3581 Μ
433 3533 483 3582 909
501 3530 650 3582 inclausab
719 3535 769 3584 901
788 3531 879 3583 [return
898 3530 952 3582 scin
970 3545 1049 3586 ense
1114 3531 1164 3582 900

102 3598 191 3650 restris
214 3599 244 3648 tl.
266 3598 339 3650 srlris
361 3596 385 3648 Μ
455 3598 576 3651 membris
599 3599 630 3652 il.
652 3599 734 3651 versia
759 3600 775 3651 h
843 3602 893 3652 900
918 3596 1014 3666 haeret]
1038 3595 1129 3650 ardens
1152 3615 1166 3648 e

101 3665 204 3718 ardeth
257 3669 304 3717 0οῖ
323 3663 359 3733 et]
378 3666 455 3717 hece
507 3667 558 3719 910
571 3667 733 3719 coniectast}
784 3669 832 3719 911
852 3665 1027 3732 tongasnbit
1072 3665 1166 3732 longus

102 3734 133 3785 ab
151 3737 219 3785 coni.
236 3732 318 3784 Meris.
381 3733 516 3786 arboribus
533 3732 558 3784 Μ
622 3734 654 3786 ad
672 3750 817 3802 aequoris
885 3737 934 3786 912
953 3732 1019 3797 loeo]
1037 3738 1121 3785 tamen
1138 3730 1164 3784 Μ

101 3812 273 3854 monstrumne
290 3800 419 3853 deusreh
475 3804 525 3854 911
544 3800 880 3869 humeris-gerentembl
940 3804 990 3855 910
1009 3803 1064 3865 nec]
1083 3815 1165 3854 none

102 3873 150 3922 919
159 3885 247 3937 aquae.
275 3885 320 3921 nec
333 3869 358 3921 in
371 3883 482 3938 aequore
493 3870 590 3938 ptheos
601 3877 656 3938 atq,
669 3869 693 3921 hl
705 3874 793 3938 (atque
805 3871 945 3935 1111191110)
990 3868 1136 3938 insequere
1148 3867 1165 3919 h
