2692 4230
143 126 275 165 numana
532 111 757 179 witam-tao.
785 141 788 148 ·

145 291 208 345 tum
230 293 334 346 conata
357 292 459 364 quater
480 281 607 360 flammis
629 282 776 362 inponere
797 300 920 361 ramum,

143 379 248 450 coepta
270 377 373 449 quater
395 364 500 427 tenuit.
543 376 679 449 pugnant
700 377 852 451 materque
873 385 1026 448 sororque,

143 463 173 516 et
193 451 304 517 diversa
327 451 447 513 trabunt
467 469 561 513 unum
583 453 643 516 duo
666 454 786 516 nomina
812 461 925 537 pectus.

143 558 230 620 saepe
252 546 330 599 metu
354 533 473 596 sceleris
495 536 643 618 pallebant
665 556 718 600 ora
740 539 841 613 futuri,

142 642 229 705 saepe
251 637 337 682 suum
361 619 478 682 terrens
499 624 593 685 oculis
615 622 701 684 dabat
722 622 766 685 ira
786 623 935 687 ruborem.

142 717 171 771 et
191 706 280 768 modo
304 703 404 765 nescio
426 707 497 786 quid
518 706 621 769 similis
642 706 761 768 crudele
785 708 910 770 minanti

141 791 239 854 vultus
261 798 331 863 erat,
354 790 442 851 modo
465 810 553 872 quem
575 790 709 853 misereri
732 791 851 852 credere
873 811 985 873 posses.

141 891 268 953 cumque
290 874 371 936 ierus
393 874 527 938 lacrimas
547 874 638 937 animi
660 874 819 937 siccaverat
839 877 937 951 ardor,

141 957 364 1022 inveniebantur
384 959 522 1023 lacrimae
543 969 651 1021 tamen.
695 966 789 1041 utque
810 959 919 1035 carina,

141 1060 228 1123 quam
250 1053 524 1124 ventus'ventoque
546 1043 625 1125 rapit
645 1043 812 1107 contrarius
833 1053 943 1120 aestus,

139 1127 199 1189 rim
220 1129 367 1209 geminam
390 1130 478 1191 sentit
499 1138 641 1210 paretque
664 1126 775 1193 incerta
798 1129 929 1193 duobus:

103 1222 106 1228 ’
139 1211 274 1277 Thestias
295 1215 373 1277 baud
395 1213 480 1276 aliter
500 1214 598 1276 dubiis
619 1215 774 1277 affectibus
795 1223 872 1278 errat

139 1296 231 1378 inque
252 1299 330 1361 vices
353 1298 438 1379 ponit
459 1299 645 1380 positamque
666 1300 822 1362 resuscitat
843 1299 926 1362 iram.

128 1382 243 1466 incipit
265 1402 328 1445 esse
351 1392 447 1445 tamen
470 1385 575 1446 melior
596 1401 735 1462 germana
757 1392 889 1465 parente,

139 1479 169 1530 et
189 1466 424 1547 consanguineas
446 1478 478 1530 ut
499 1468 643 1547 sanguine
664 1467 755 1530 leniat
778 1466 908 1542 umbras,

137 1552 281 1634 inpietate
302 1552 349 1633 pia
373 1561 427 1613 est.
471 1571 539 1615 uam
561 1562 718 1633 postquam
739 1552 861 1634 pestifer
882 1553 959 1634 ignis

137 1636 295 1711 convaluit,
313 1631 419 1717 ‘rogus
439 1637 496 1700 iste
517 1649 628 1700 cremet
648 1656 714 1700 mea
738 1633 859 1700 viscera’
886 1637 967 1700 dixit.

136 1732 230 1802 utque
251 1739 341 1784 manu
362 1722 425 1784 dira
446 1722 561 1802 lignum
582 1722 669 1784 fatale
691 1721 818 1796 tenebat,

137 1815 205 1868 ante
226 1805 426 1887 sepulchrales
447 1805 550 1868 infelix
570 1807 681 1869 adstitit
701 1824 766 1868 aras

132 1883 317 1972 ‘poenarum'
343 1910 401 1971 que
419 1885 504 1954 ‘deae
526 1890 667 1973 triplices,
689 1885 865 1967 furialibus',
887 1891 995 1973 inquit,

133 1969 336 2049 ‘Eumenides
358 1977 451 2039 sacris
472 1976 570 2039 vultus
590 1976 730 2039 advertite
752 1985 873 2039 vestros.

136 2060 263 2123 ulciscor
284 2060 419 2141 facioque
442 2063 539 2123 netas:
563 2079 645 2123 mors
666 2070 761 2124 morte
783 2060 890 2142 pianda
912 2071 967 2135 est,

135 2145 167 2207 in
190 2146 286 2208 scelus
308 2145 473 2207 addendum
494 2145 593 2208 scelus
615 2155 669 2220 est,
691 2145 722 2207 in
744 2144 848 2208 lunera
870 2147 970 2209 sunus.

135 2249 189 2311 per
210 2239 395 2292 coacervatos
416 2242 517 2312 pereat
537 2232 643 2293 domus
665 2230 746 2312 inpia
768 2230 882 2294 luctusl

134 2333 172 2376 an
194 2313 263 2377 felix
284 2314 404 2377 Oeneus
427 2326 495 2378 nato
516 2315 629 2378 victora
650 2315 775 2397 fruetur,

133 2399 271 2463 Thestius
292 2400 383 2462 orbus
403 2398 482 2463 erit?
517 2400 623 2462 melius
645 2400 782 2480 lugebitis
807 2399 905 2461 ambo.

134 2503 185 2546 cos
208 2486 305 2559 modo,
327 2486 448 2548 fraterni
470 2504 573 2548 manes
595 2485 769 2566 animaeque
791 2493 936 2558 recentes,

134 2571 264 2633 officium
285 2571 394 2632 sentite
415 2590 514 2633 meum
536 2589 705 2652 magnoque
726 2579 841 2652 paratas

134 2656 258 2736 accipite
280 2656 410 2731 inferias,
433 2657 508 2718 uteri
532 2656 608 2718 mala
630 2657 755 2737 pignora
777 2653 880 2716 nostri.

134 2740 160 2801 ei
183 2739 274 2802 mihil
298 2758 358 2820 quo
381 2739 502 2821 rapior‘l
524 2742 640 2816 iratres,
663 2738 807 2821 ignoscite
828 2736 930 2800 matril

133 2825 274 2887 deliciunt
295 2825 332 2886 ad
354 2837 458 2906 coepta
480 2844 596 2888 manus.
641 2825 783 2887 meruisse
805 2825 931 2886 latemur

133 2909 227 2983 illurn,
248 2929 302 2971 cur
324 2922 440 2991 pereat:
463 2912 568 2973 mortis
589 2911 662 2972 mibi
683 2909 820 2990 displicet
842 2916 955 2970 auctor.

133 3013 204 3074 ergo
227 2994 341 3075 inpune
364 2995 447 3069 leret,
470 2996 612 3076 vivusque
635 3005 663 3057 et
685 2995 778 3057 victor
799 3003 828 3055 et
853 2994 918 3074 ipso

131 3097 272 3141 successu
295 3080 428 3141 tumidus
449 3099 574 3160 regnum
599 3080 755 3162 Calydonis
777 3076 912 3141 babebit:

131 3183 183 3225 vos
205 3164 281 3225 cinis
302 3165 428 3244 exiguus
450 3166 623 3246 gelidaeque
645 3165 776 3227 iacebitis
797 3158 943 3226 umbrae?

132 3250 210 3310 baud
233 3249 368 3329 equidem
392 3250 496 3331 patiar.
540 3261 641 3334 pereat
662 3251 821 3312 sceleratus
843 3258 873 3309 et
894 3246 944 3308 ille

131 3353 273 3415 spemque
296 3335 387 3415 patris
409 3336 553 3416 regnique
577 3337 670 3398 trabat
692 3334 862 3416 patriaeque
884 3332 1011 3395 ruinam.

131 3438 216 3481 mens
237 3419 287 3481 ubi
310 3430 440 3483 materna
464 3419 531 3483 est?
554 3421 602 3482 ubi
626 3432 697 3482 sunt
718 3420 767 3500 pia
788 3419 852 3481 iura
876 3422 1034 3498 parentum

130 3539 332 3547 ..ι-*-

199 3590 248 3640 463
267 3592 363 3653 pugnat
382 3587 400 3636 t'.
453 3589 502 3640 tos
520 3604 538 3655 q
555 3587 666 3638 misereri
686 3553 777 3652 poss?
794 3588 879 3636 amato
899 3581 937 3646 bl,
954 3585 984 3632 tn
1001 3596 1086 3645 marg.
1104 3597 1120 3630 a
1139 3582 1207 3632 ned

130 3654 232 3707 credere
284 3657 333 3707 stu
352 3651 486 3705 duabust
537 3657 588 3707 trs
606 3668 735 3722 perquer
791 3654 841 3706 dt'l
860 3657 996 3719 postquam
1015 3645 1106 3700 nam).
1157 3650 1208 3701 459

130 3806 285 3858 magnasque
296 3788 321 3841 ll
375 3785 781 3857 lbtacceptatcesdcorr.tld
839 3750 1004 3841 micuissell
1056 3787 1105 3839 sat
1123 3780 1208 3851 ipset.

130 3861 180 3912 498
190 3873 346 3926 regnumque
359 3859 380 3909 ,t
419 3858 541 3926 regnique
553 3858 676 3910 liciam
719 3859 768 3911 499
781 3855 846 3921 iura]
856 3860 916 3910 rota
928 3854 952 3906 bl
963 3858 992 3906 r'n
1001 3869 1087 3921 marg.
1096 3870 1112 3904 a
1122 3867 1156 3905 nr.
1166 3853 1207 3903 da

954 3939 1003 3980 tt*
