2692 4230
111 127 173 193 278
333 173 335 177 ν
535 186 541 200 .
565 142 719 198 nutanti.
974 163 1086 205 nonnanis
1103 168 1174 206 nnnn

109 323 169 368 non
190 307 289 372 minor
308 311 432 387 Atrides,
453 330 514 374 non
536 309 615 372 bello
636 311 730 373 maior
751 324 871 381 etacio

129 408 239 469 escere,
261 413 322 457 non
342 396 409 459 alii:
430 394 501 457 solls
521 393 681 455 Telamone
703 408 800 462 creato

150 485 270 559 erteqne
290 479 346 542 luit
366 487 464 540 tantue
484 477 590 540 tldncia
610 477 714 540 laudis.

108 577 178 624 ase
198 562 362 625 Tantalides
384 580 461 623 onus
482 562 679 644 inuidiamque
700 566 824 628 removit

108 646 319 726 Argolicosque
339 647 428 708 duces
448 647 552 709 mediis
573 648 727 710 considere
749 651 852 713 castris

108 728 192 792 iussit
213 739 243 791 ct
262 728 414 791 arbitrium
435 730 496 793 litis
516 733 629 796 traiecit
650 733 681 794 in
703 750 816 795 omnes.

541 989 740 1001 *-

335 1185 474 1269 LIBER
499 1185 697 1272 TERTIUS
724 1184 941 1272 DECIMUS.

192 1357 356 1421 Consedere
377 1358 467 1418 duces
492 1364 522 1418 et
542 1356 621 1434 uulgi
642 1366 739 1420 stante
760 1377 871 1421 corona

107 1442 202 1522 surgit
221 1445 258 1505 ad
278 1444 333 1504 hos
354 1439 441 1523 clipei
463 1441 601 1503 dominns
622 1443 822 1524 septemplicis
843 1444 923 1518 Aiax,

108 1535 198 1609 utque
219 1538 281 1590 erat
302 1526 449 1608 inpatiens
471 1525 541 1600 irae,
567 1524 664 1604 Sigeta
685 1536 768 1588 torro

107 1610 192 1673 litora
213 1613 341 1693 respexit
361 1611 544 1691 classemque
565 1610 597 1672 iu
619 1609 705 1671 litore
726 1611 808 1671 multu

108 1695 321 1776 intendensque
342 1712 447 1755 manns
464 1689 602 1774 ‘agimus¹
625 1713 679 1775 pro
702 1691 867 1775 luppiterl'
891 1696 987 1778 inquit
1162 1715 1177 1766 5

105 1773 185 1841 ‘ante
206 1790 283 1841 rates
303 1797 430 1852 causam,
453 1790 483 1840 et
502 1796 620 1840 mecum
642 1780 794 1842 confertur
815 1778 936 1841 Ulixes?

107 1872 137 1925 at
159 1882 219 1925 non
243 1863 393 1926 llectoreis
414 1863 557 1924 dubitavit
579 1864 683 1925 cedere
704 1864 839 1938 flammis,

109 1967 181 2029 quas
204 1965 258 2027 ego
280 1947 418 2020 sustinui,
440 1966 512 2028 quas
534 1948 589 2009 hae
609 1965 626 2008 a
648 1948 741 2010 classe
762 1949 869 2029 lugani.

108 2033 201 2094 tutius
222 2042 266 2095 est
286 2032 377 2113 igitur
397 2031 473 2094 llotis
494 2031 674 2094 contendere
695 2031 801 2105 verbis,

109 2135 196 2198 quam
217 2136 349 2198 pugnare
370 2135 470 2178 manu.
512 2117 564 2178 sed
586 2135 641 2178 nec
663 2115 735 2178 mihi
757 2117 855 2179 dicere
876 2131 1056 2201 promptum,
1148 2135 1177 2188 tu

109 2220 164 2263 nec
186 2202 280 2264 lacere
302 2214 347 2264 est
367 2200 431 2263 isti:
455 2210 657 2282 quantumque
679 2219 734 2281 ego
756 2202 847 2263 llarte
870 2204 960 2266 leroci

108 2285 198 2366 inque
220 2286 282 2348 acie
303 2287 394 2360 valeo,
415 2295 528 2347 tantum
549 2285 626 2347 valet
647 2286 703 2347 iste
724 2286 884 2367 loquendo.

109 2389 164 2432 neo
185 2371 373 2433 memoranda
395 2379 493 2432 tamen
515 2369 599 2431 vobis
621 2389 685 2431 mea
707 2371 793 2445 iacta,
816 2371 939 2454 Pelasgi,

109 2473 173 2516 esse
194 2473 277 2517 reor:
298 2455 411 2518 vidistis
432 2454 521 2516 enim.
564 2467 617 2516 sua
641 2466 740 2518 narret
761 2456 870 2529 Ulixes,

109 2558 184 2619 quae
205 2540 269 2602 sine
290 2549 366 2602 teste
387 2539 472 2620 gerit,
495 2557 622 2620 qnorum
646 2559 705 2601 nox
727 2543 844 2603 consola
866 2542 927 2603 sola
950 2553 1004 2605 est.
1147 2556 1175 2606 15

109 2624 236 2704 praemia
258 2643 362 2704 magna
384 2624 444 2706 peti
467 2625 569 2686 fateor.
612 2625 664 2686 sed
685 2626 776 2687 demit
798 2627 940 2688 honorem

108 2707 254 2771 aemulus:
278 2709 357 2771 Aiaci
379 2727 440 2770 non
463 2719 508 2770 est
530 2709 659 2771 tenuisse
680 2709 851 2790 superbum,

108 2792 147 2853 sit
167 2793 236 2855 lieet
255 2795 313 2856 hoc
334 2793 448 2873 ingens,
471 2793 612 2874 quicquid
634 2795 759 2875 sperauit
781 2794 888 2856 Ulixes.

109 2877 164 2938 iste
186 2876 252 2939 tulit
274 2878 402 2960 pretium
424 2877 482 2939 iam
504 2895 585 2940 nune
606 2879 808 2958 temptaminis
830 2880 933 2942 hunius:

109 2980 168 3041 quo
190 2963 373 3025 cumvictus
395 2962 460 3036 erit,
481 2980 598 3024 mecum
621 2974 748 3025 certasse
770 2964 887 3026 leretur.

109 3054 196 3127 atque
218 3064 282 3126 ego,
304 3047 328 3109 si
351 3049 442 3109 uirtus
465 3047 494 3108 in
517 3066 566 3109 me
588 3047 756 3110 dubitabilis
778 3059 864 3123 esset,
930 3049 933 3058 '

110 3130 259 3193 nobilitate
281 3143 386 3214 potens
407 3151 512 3206 essem,
534 3124 693 3194 Telamone
715 3142 840 3208 creatus,

108 3314 300 3379 -oiit'Jiusll
353 3315 642 3385 tytydes-oleninse
695 3315 959 3371 titides—oilcinsln
1011 3319 1176 3409 610111οο-

1085 3404 1099 3440 c

108 3464 158 3571 ‹pue
181 3449 206 3502 ll
275 3449 461 3519 lercysdeuee
530 3451 726 3520 lertiadequeln
796 3455 843 3505 ott
870 3452 899 3504 T.
924 3453 1014 3507 mediis
1037 3455 1175 3509 consedere

108 3524 117 3582 t
145 3520 286 3571 consistere
303 3523 326 3583 e)
344 3519 434 3571 eastris
450 3517 477 3570 ll
528 3522 578 3571 622
596 3519 653 3571 duc.
672 3520 754 3571 honus
772 3520 851 3572 incid.
871 3522 978 3574 removit
996 3521 1022 3574 ll

177 3585 266 3648 xlllt
284 3587 357 3638 litora
375 3584 400 3638 tt
458 3586 618 3639 'ldnbitabit
636 3586 661 3638 ll
726 3591 754 3639 to
772 3595 916 3656 promptum
935 3595 1005 3642 este
1066 3595 1094 3644 11
1115 3594 1174 3659 ego]

109 3655 169 3706 inlr
233 3654 341 3720 ferocem
362 3659 398 3719 (m
415 3659 494 3719 erae.)
511 3655 536 3706 ll
603 3659 633 3709 tt
652 3654 746 3707 [loires
764 3655 789 3708 ll
856 3659 886 3710 te
904 3658 1132 3725 petiit-sedemit
1149 3657 1175 3711 ll

112 3810 139 3859 11
160 3739 336 3874 ιῖζῗίιὲιζῐῖι
408 3811 437 3862 ts
461 3807 509 3860 scit
533 3808 562 3875 ll
590 3808 731 3862 scilicetli
803 3813 832 3862 tn
859 3813 929 3875 cert}
951 3812 1123 3881 temptaminis
1150 3810 1175 3864 ll

102 3877 220 3942 ,⁹011qu
235 3875 305 3944 quod
324 3893 341 3932 .·
391 3875 494 3940 leretur,
511 3879 540 3928 in
558 3892 646 3943 marg.
664 3878 758 3930 laretur
776 3875 801 3929 ll
