2796 4222
157 107 195 167 10
613 114 765 170 hlE'l'dllflll.
1086 128 1228 173 nnucnuron

155 292 193 352 et,
215 284 302 345 modo
326 305 382 364 qua
405 286 529 364 graciles
550 303 670 364 gramen
694 305 828 366 carpsere
850 287 990 369 capellae,

156 387 236 430 nttnc
257 369 297 429 ibi
318 369 464 432 deformes
487 381 605 451 ponunt
626 387 680 430 sua
702 388 825 450 corpora
848 375 970 454 phocae.
1182 386 1227 438 300

154 453 297 515 mirantur
318 454 372 515 sub
395 474 470 534 aqua
492 455 576 513 lucos
597 452 745 533 urbesque
765 454 928 538 domosque

153 537 300 611 Nereides,
322 539 466 618 silvasque
490 546 592 599 tenent
613 538 767 618 delphines
788 548 819 599 et
840 540 905 603 altis

153 623 305 683 incursant
325 623 413 684 ramis
434 622 600 700 agitataque
621 623 726 683 robora
749 622 876 702 pulsant.

155 717 205 767 nat
226 705 313 787 lupus
335 708 412 768 inter
433 723 511 777 ores,
533 704 629 765 fulvos
649 706 729 766 vehit
751 706 827 766 unda
849 708 959 784 leones,

153 792 231 852 unda
253 792 329 852 vehit
351 792 450 868 tigres,
474 806 529 848 nec
551 789 626 848 vires
649 789 779 849 fulminis
801 809 883 869 apro,

154 893 237 937 crura
260 894 314 936 nec
335 874 431 935 ablato
455 883 581 952 prosunt
603 872 711 934 uelocia
733 892 828 934 cervo.

153 960 349 1039 quaesitisque
371 957 421 1017 diu
444 956 539 1031 terris,
562 957 611 1018 uhi
634 956 738 1018 sistere
759 959 854 1032 detur,

152 1044 183 1104 in
206 1061 285 1104 mare
307 1041 421 1102 lassatis
442 1040 569 1103 volucris
590 1060 660 1122 vaga
682 1043 787 1105 decidit
809 1043 872 1105 alis.

152 1127 290 1188 obruerat
310 1126 439 1187 tumulos
461 1128 595 1189 inmensa
617 1129 735 1189 licentia
759 1130 853 1209 ponti,

152 1210 364 1291 pulsabantque
388 1212 455 1272 ucri
476 1225 616 1275 montana
638 1215 790 1276 cacumina
812 1216 928 1277 fluctus.

152 1295 274 1355 maxima
297 1315 364 1376 pars
386 1299 463 1359 unda
486 1299 615 1380 rapitur3
638 1300 747 1380 quibus
768 1301 847 1362 unda
869 1300 1011 1382 pepercit,

152 1378 217 1440 illos
239 1379 325 1459 longa
348 1382 467 1444 domant
489 1383 573 1464 inopi
595 1384 703 1445 ieiunia
725 1384 812 1445 victu.

237 1464 357 1546 Separat
380 1468 491 1529 Aonios
513 1467 630 1530 Oetaeis
651 1468 757 1530 Phocis
778 1469 813 1530 ab
836 1469 921 1542 arvis,

151 1558 226 1611 terra
249 1552 336 1624 ferax,
359 1551 428 1613 dum
452 1563 527 1613 terra
551 1553 615 1626 fuit,
637 1555 688 1615 sed
711 1563 843 1634 tempore
865 1555 894 1615 in
918 1554 968 1616 illo

151 1653 219 1715 pars
240 1637 328 1696 maris
350 1646 380 1697 et
401 1637 477 1698 latus
497 1637 662 1698 subitarum
684 1656 805 1718 campus
826 1657 979 1718 aquarum.

151 1734 236 1780 mons
258 1719 296 1780 ibi
319 1720 478 1782 verticibus
498 1721 573 1801 petit
593 1723 704 1783 arduus
725 1734 800 1784 astra
822 1723 948 1797 duobus,

152 1803 270 1865 nomine
291 1805 446 1877 Parnasus,
468 1816 668 1885 superantque
689 1807 839 1868 cacumina
862 1808 965 1869 nubes.

150 1889 199 1949 hic
220 1888 270 1948 ubi
292 1888 452 1950 Deucalion
473 1891 554 1964 (nam
575 1900 672 1950 cetera
694 1899 803 1951 texerat
825 1895 946 1970 aequor)

150 1990 216 2033 cum
239 1984 376 2034 consorte
398 1974 454 2034 tori
478 1992 564 2054 parra
587 1983 649 2035 rate
670 1984 771 2035 vectus
792 1975 931 2049 adhaesit,

150 2055 304 2136 Corycidas
325 2059 469 2139 nymphas
492 2069 521 2120 et
542 2059 665 2120 numina
687 2059 796 2120 montis
816 2059 918 2121 adorat

149 2141 351 2222 fatidicamque
374 2143 509 2218 Themin,
532 2162 607 2225 quae
629 2153 701 2206 tunc
722 2144 817 2205 oracla
839 2145 967 2206 tenebat.

149 2246 210 2288 non
233 2226 282 2288 illo
305 2227 409 2289 melior
431 2229 585 2310 quisquam
610 2248 665 2291 nec
686 2231 829 2290 amantior
850 2230 936 2310 aequi

149 2312 192 2373 vir
213 2312 277 2384 fuit,
299 2323 347 2373 aut
369 2312 417 2374 illa
440 2314 618 2375 metuentior
640 2313 698 2374 ulla
720 2314 851 2375 deorum.

149 2396 280 2477 luppiter
301 2408 333 2458 ut
355 2397 474 2478 liquidis
496 2409 632 2477 stagnare
654 2397 809 2478 paludibus
830 2399 932 2460 orbem

149 2490 179 2542 et
200 2500 353 2563 superesse
374 2483 468 2543 virum
491 2484 527 2544 de
549 2493 593 2545 tot
614 2485 702 2544 modo
725 2483 843 2544 milibus
865 2502 967 2558 unum,

147 2576 177 2626 et
198 2585 351 2647 superesse
373 2568 450 2629 ridet
471 2567 508 2629 de
530 2579 573 2630 tot
595 2569 682 2629 modo
706 2568 824 2629 milibus
846 2587 944 2643 unam,

148 2650 292 2712 innocuos
312 2652 424 2726 ambos,
446 2652 575 2715 cultores
598 2654 728 2715 numinis
749 2652 861 2725 ambos,

148 2735 248 2797 nubila
270 2736 382 2798 disiecit
405 2737 571 2818 nimbisque
592 2737 731 2819 aquilone
752 2739 873 2799 remotis

148 2831 178 2881 et
198 2819 278 2881 caelo
302 2829 394 2883 terras
416 2823 542 2885 ostendit
565 2834 595 2884 et
615 2824 732 2885 aethera
754 2823 849 2884 terris.

149 2923 204 2966 nec
226 2905 313 2966 maris
334 2906 375 2967 ira
398 2919 506 2980 manet,
530 2908 686 2989 positoque
706 2909 866 2988 tricuspide
888 2906 947 2967 telo
1174 2915 1220 2966 000

151 3021 347 3035 -—-
741 3005 751 3058 l
763 3006 835 3058 lucos
847 3007 893 3069 (ru.
904 3006 969 3070 rec.)

215 3077 264 3128 299
282 3076 373 3144 quod
408 3091 459 3142 qua
477 3075 517 3126 ed.
531 3078 621 3141 princ.
674 3077 721 3128 301
741 3075 842 3141 lepores
978 3091 992 3124 a
1038 3074 1088 3125 302
1106 3075 1142 3136 et]
1161 3072 1219 3125 ius

598 3156 888 3240 111111111111111111131111111
970 3228 976 3240 ,

147 3229 230 3280 3033
249 3233 292 3279 nat
309 3229 385 3296 lupus
403 3227 470 3280 inter
485 3243 547 3280 ores
559 3241 607 3280 nec
619 3243 687 3279 rues
699 3227 811 3279 fulminis
829 3241 890 3292 sper
906 3223 945 3284 lll;
964 3240 994 3275 an
1006 3239 1093 3291 νικας.
1106 3242 1123 3275 α
1134 3240 1217 3275 manu

327 3302 331 3308 ⁸
508 3369 514 3379 ,
671 3310 1013 3375 undareittigresuesuire
1092 3307 1218 3376 lpossit⁸

145 3395 213 3432 susc.
223 3377 290 3433 XVI
302 3379 378 3446 pleni
389 3395 480 3431 cornu
491 3379 579 3431 addest
613 3382 664 3434 303
681 3395 752 3432 crura
771 3393 817 3432 nec
835 3376 921 3428 ablato
970 3375 996 3428 111
1050 3379 1100 3431 301
1114 3377 1190 3429 delur

147 3510 163 3566 f.
196 3513 316 3582 possitllf
342 3522 430 3582 posset
447 3517 512 3579 etl),
528 3513 610 3580 fogor.
623 3516 703 3567 Bern.
737 3517 786 3569 313
803 3453 973 3581 {efficaciam
1026 3511 1129 3564 Oetaeis
1147 3515 1219 3564 coni.

146 3583 268 3646 nobem
286 3583 401 3635 ectelsC
448 3583 577 3635 aetheisa
630 3584 759 3651 phocas:
810 3584 858 3635 317
878 3588 1034 3649 superatque
1051 3580 1218 3636 cacumines

146 3720 196 3774 313
219 3717 389 3770 deucalenns
412 3720 537 3786 (semper)
586 3721 636 3773 310
655 3714 770 3770 edesltl
813 3719 862 3770 320
881 3658 1047 3769 adnoriii‘n
1075 3706 1218 3768 adoranti

146 3788 194 3841 321
213 3786 316 3839 thumim
334 3804 350 3842 s
401 3788 451 3839 323
469 3787 626 3839 reuerentior
643 3785 694 3839 ulla
713 3786 815 3839 dearum
832 3805 845 3837 ι
892 3787 943 3839 323
961 3800 1012 3839 orn.
1029 3784 1065 3849 hl,
1083 3787 1113 3835 fn
1129 3799 1218 3850 marg.

145 3854 252 3907 addidit
267 3869 300 3907 m.
316 3870 385 3908 saue.
403 3868 459 3905 xun
499 3856 534 3920 et]
553 3870 583 3906 ac
601 3851 616 3906 1
