2692 4230
133 188 266 227 cmcorcs.
296 190 400 228 starent
560 169 627 234 xw,
644 173 772 225 49-120.

133 364 267 426 quasque
289 353 366 407 rates
388 342 443 404 lris
465 340 590 404 lunonia
612 361 707 424 paene
729 351 883 417 cremarat,

133 431 219 492 solvit
241 440 271 492 et
292 426 475 509 Hippotadae
497 445 622 508 regnum
643 441 796 511 terrasque
818 428 926 491 calenti

133 515 276 596 sulphure
297 513 444 573 fumantes
465 512 734 594 Acheloiadumque
755 513 897 596 relinquit

134 600 271 661 Sirenum
294 594 442 676 scopulos.
487 597 646 677 orbataque
667 599 801 679 praeside
823 600 913 680 pinus

132 684 280 746 Inarimen
304 681 531 763 Prochytenque
552 683 623 760 legit
644 682 797 763 sterilique
817 683 928 747 locatas

134 769 208 831 colle
229 767 410 840 Pithecusas,
432 767 615 828 habitantum
638 767 759 827 nomine
780 766 882 830 dictas.

133 853 244 932 quippe
266 850 352 911 deum
375 853 504 930 genitor,
526 851 658 911 fraudem
681 859 709 911 et
730 850 860 930 periuria
883 854 1030 932 quondam
1059 869 1063 877 ·

133 936 299 1014 Cercopum
322 954 428 998 exosus
449 935 608 1014 gentisque
628 934 754 996 admissa
776 935 906 1009 dolosae,

132 1021 164 1081 in
187 1019 320 1082 delorme
341 1021 419 1083 viros
439 1019 547 1081 animal
567 1020 699 1093 mutavit,
721 1027 756 1082 ut
776 1020 855 1082 idem

133 1103 290 1167 dissimiles
312 1104 425 1167 homini
448 1114 570 1185 possent
591 1103 763 1186 similesque
784 1105 886 1180 videri,

133 1188 325 1270 membraque
347 1189 492 1251 contraxit
514 1208 658 1270 naresque
680 1208 697 1252 a
718 1190 819 1253 lronte
840 1191 963 1253 resimas

132 1275 266 1337 contudit
289 1285 318 1335 et
339 1276 421 1354 rugis
442 1275 587 1355 peraravit
606 1275 736 1337 anilibus
756 1294 817 1337 ora.

132 1369 251 1440 totaque
271 1358 383 1421 velatos
404 1359 522 1420 llaventi
544 1377 670 1439 corpora
690 1360 760 1420 villo

132 1445 211 1506 misit
232 1445 264 1505 in
287 1445 339 1506 has
360 1444 454 1505 sedes.
499 1461 554 1504 nec
576 1461 637 1525 non
660 1443 744 1524 prius
766 1442 886 1505 abstulit
907 1461 995 1505 usum

132 1529 286 1590 verborum
310 1539 339 1589 et
360 1536 445 1589 natae
466 1527 529 1588 dira
551 1527 582 1588 in
603 1527 733 1608 periuria
755 1526 890 1606 linguae:

131 1632 219 1694 posse
242 1613 325 1693 queri
348 1621 462 1695 tantum
485 1631 574 1674 rauco
596 1612 722 1675 stridore
743 1612 872 1693 reliquit.

217 1696 277 1759 iias
297 1695 347 1758 ubi
371 1697 521 1778 praeteriit
542 1708 572 1760 et
592 1697 810 1779 Parthenopeia
831 1698 932 1759 dextra

131 1782 247 1843 moenia
270 1781 408 1855 deseruit,
431 1782 510 1845 laeva
531 1783 568 1844 de
590 1792 673 1864 parte
695 1782 798 1845 canori

131 1866 268 1928 Aeolidae
290 1867 437 1929 tumulum
460 1877 491 1929 et
513 1868 577 1930 loca
599 1868 657 1929 leta
679 1866 860 1950 palustribus
881 1866 980 1941 undis,

130 1951 216 2013 litora
239 1951 397 2014 Cumarum
418 1953 584 2031 vivacisque
604 1961 688 2014 antra
710 1951 839 2032 Sibyllae

130 2039 231 2112 intrat,
253 2045 282 2098 et
304 2037 338 2098 ad
361 2055 464 2098 manes
484 2039 582 2098 veniat
602 2055 657 2118 per
678 2038 792 2098 Averna
813 2044 965 2117 paternos,

131 2131 204 2182 orat.
247 2131 277 2181 at
297 2120 346 2182 illa
369 2121 418 2182 diu
441 2120 554 2183 vultum
576 2121 682 2183 tellure
702 2128 849 2182 moratum

131 2206 231 2282 erexit,
254 2206 430 2286 tandemque
451 2206 508 2267 deo
529 2206 689 2269 furibunda
711 2215 831 2287 recepto

127 2286 245 2370 ‘magna
268 2285 373 2371 petis',
415 2291 489 2353 dixit
507 2285 565 2353 ‘vir
586 2292 670 2354 lactis
692 2291 829 2365 maxime,
851 2290 936 2352 cuius

130 2377 247 2437 dextera
269 2394 324 2456 per
344 2377 466 2450 serrum,
487 2377 581 2457 pietas
601 2385 730 2458 spectata
752 2394 808 2456 per
828 2375 924 2454 ignes.

131 2479 209 2541 pone
231 2470 339 2532 tamen,
362 2459 501 2533 Troiane,
522 2470 650 2522 metum:
673 2460 787 2541 potiere
809 2459 909 2540 petitis

131 2543 302 2624 Elysiasque
323 2544 427 2605 domos
449 2554 477 2605 et
500 2563 591 2624 regua
614 2544 772 2606 novissima
794 2543 898 2605 mnndi

130 2647 177 2689 me
200 2630 274 2690 duee
297 2647 459 2708 cognosces
480 2629 695 2710 simulacraque
716 2647 782 2691 cara
805 2629 946 2710 parentis.

131 2714 207 2775 invia
229 2715 327 2775 virtuti
351 2713 432 2774 nulla
455 2723 501 2776 est
520 2711 584 2777 via?
629 2714 703 2777 dixit
724 2724 753 2775 et
774 2732 847 2776 auro

130 2798 291 2878 fulgentem
315 2817 428 2860 ramum
451 2799 521 2861 silva
544 2800 667 2862 lunonis
689 2802 821 2861 Avernae

130 2884 301 2944 monstravit
323 2884 467 2964 iussitque
488 2903 543 2946 suo
564 2885 701 2946 divellere
723 2893 842 2948 trunco.

130 2969 228 3049 paruit
251 2969 364 3028 Aeneas
387 2981 416 3029 et
440 2969 631 3031 formidabilis
653 2968 723 3031 Oroi

129 3054 201 3114 vidit
222 3071 295 3133 opes
316 3063 474 3133 atavosque
496 3073 566 3116 suos
587 3055 782 3134 umbramque
803 3050 927 3113 senilem

130 3137 309 3217 magnanimi
333 3139 493 3213 Anchisae3
516 3139 617 3200 didicit
638 3157 758 3220 quoque
780 3137 843 3199 iura
866 3135 1010 3212 locorum,

131 3241 265 3303 quaeque
289 3223 372 3284 novis
394 3234 493 3284 essent
513 3225 645 3286 adeunda
668 3222 800 3305 pericula
823 3221 918 3283 bellis.

130 3308 199 3369 inde
222 3308 321 3369 terens
342 3306 434 3368 lassos
455 3309 575 3370 adverso
597 3309 714 3370 tramite
737 3325 841 3389 passus
1164 3315 1206 3365 tto

198 3510 231 3560 86
249 3505 412 3574 ippodatebl
475 3508 580 3576 terrieq:
604 3512 633 3560 in
650 3524 738 3574 marg.
755 3525 773 3560 a
789 3524 823 3559 aru
842 3510 857 3558 b
876 3505 958 3560 teiras
975 3506 1001 3559 bl
1063 3505 1206 3559 calentes·

130 3577 161 3627 st
181 3575 302 3627 fumantis
320 3576 339 3626 G
391 3576 602 3644 acheloidumque
620 3577 656 3640 A,
674 3580 795 3628 commi
812 3577 902 3628 Ham.
956 3578 988 3629 89
1006 3575 1130 3626 iranimeo
1149 3590 1207 3642 pro-

130 3643 224 3709 citenq:
243 3644 259 3695 l.
278 3643 392 3710 stereliq:
412 3642 436 3693 hl
499 3649 531 3697 92
549 3643 728 3713 cecropumhl
781 3643 979 3712 cycropiduma
1031 3642 1206 3709 cecropidum-

130 3727 179 3777 qne
197 3713 213 3762 h
266 3715 298 3762 93
317 3711 375 3762 iude
389 3712 468 3764 ierem
481 3712 585 3765 viroshl
638 3716 671 3766 95
684 3713 792 3765 resimas
803 3716 873 3764 coni.
886 3712 1035 3764 Salmasius
1086 3711 1206 3763 remissas

129 3779 151 3830 Α
202 3783 235 3832 96
253 3779 398 3831 contulitC
462 3783 494 3832 ot
515 3782 600 3834 levato
618 3781 744 3833 flaventes
761 3779 787 3832 tt
854 3785 901 3835 109
920 3780 988 3832 ulvis
1006 3781 1094 3831 idaim.
1158 3783 1204 3833 195

129 3845 315 3899 adeoeutll'
377 3855 437 3903 ute
501 3849 606 3900 adesto
677 3849 927 3902 ttdlerrmnesta
999 3850 1046 3901 tls
1064 3847 1207 3910 didicitque

129 3914 183 3966 iura
201 3913 225 3965 lt
282 3917 329 3967 tto
348 3916 434 3982 lapsos
452 3915 605 3988 adversosae
