2692 4230
144 129 239 166 isacus
549 114 600 180 Vll,
617 115 760 168 469-501.

146 285 325 370 Cecropidae
349 285 496 367 Cephalus
518 283 632 364 peragit
652 285 786 347 mandata
809 292 950 365 rogatque

143 373 285 435 auxilium
308 373 470 449 foedusque
492 368 583 430 relert
605 379 633 432 et
654 370 717 433 iura
739 378 893 452 parentum

145 455 362 540 imperiumque
384 453 444 534 peti
466 452 558 516 totius
580 455 724 518 Achaidos
745 455 832 517 addit.

144 542 188 606 sic
210 543 260 604 ubi
283 538 447 603 mandatam
470 537 542 601 iuvit
564 540 697 603 facundia
719 557 846 613 causam,

142 628 265 700 Aeacus,
288 626 319 686 in
342 621 447 704 capulo
469 625 579 705 sceptri
601 625 712 687 nitente
733 623 861 694 sinistra,

139 705 192 774 ‘ne
214 711 305 792 petite
326 706 476 784 auxilium,
498 711 549 771 sed
572 698 705 781 sumite’‚
726 707 798 768 dixit
816 700 976 783 ‘Atlrenae;

143 815 199 858 nec
221 793 309 856 dubie
331 793 416 868 vires,
439 813 512 875 quas
533 795 605 857 haec
626 791 714 854 habet
736 792 841 865 insula,
861 802 971 854 rostras

141 880 248 943 ducite.
293 895 354 938 non
377 878 483 942 desunt
505 881 615 956 (rerum
638 884 729 938 status
750 877 805 939 iste
825 878 970 954 mearum)

142 963 259 1026 robora.
304 962 396 1024 Minoi
418 974 539 1046 superat
559 961 630 1023 milti
651 961 736 1023 miles
757 970 787 1024 et
808 962 895 1046 hosti.

137 1047 234 1152 pratia
256 1047 312 1122 dis,
335 1047 404 1110 lelix
427 1059 456 1110 et
477 1046 676 1109 inexcusabile
698 1041 831 1127 tempus?

151 1131 241 1192 immo
265 1133 306 1195 ita
327 1128 380 1195 sit’
405 1130 567 1213 Cephalum
588 1123 712 1194 ‘crescat
732 1142 781 1194 tna
803 1130 914 1194 civibus
937 1139 1008 1213 opto

141 1213 244 1279 urbsl’
268 1218 317 1279 ait
358 1211 530 1278 ‘adveniens
553 1217 687 1297 equidem
709 1217 796 1279 modo
818 1217 923 1297 gaudia
946 1217 1022 1297 cepi,

140 1320 207 1365 cum
230 1312 290 1366 tam
314 1299 437 1382 pulchra
458 1300 541 1376 mihi,
564 1312 624 1364 mm
645 1320 699 1383 par
719 1309 811 1364 aetate
833 1301 972 1363 iuventus

140 1387 224 1450 obvia
247 1385 400 1469 processit.
443 1385 553 1448 multos
573 1397 671 1449 tamen
693 1385 763 1447 inde
782 1386 913 1466 requiro,

137 1490 214 1554 quos
235 1470 385 1553 quondam
406 1469 464 1532 vidi
486 1479 581 1532 vestra
605 1471 687 1551 prius
709 1470 782 1532 urbe
804 1467 960 1552 receptus?

139 1559 254 1619 Aeacus
276 1555 422 1634 ingemuit
442 1554 579 1636 tristique
600 1555 639 1617 ita
660 1572 731 1618 voce
753 1556 885 1618 locutus:

134 1635 246 1703 ‘flebile
268 1639 450 1722 principium
472 1638 578 1704 melior
599 1641 717 1702 fortuna
738 1649 837 1703 secuta
860 1651 913 1703 est.

136 1727 214 1788 hanc
236 1725 351 1787 utinam
373 1743 489 1807 possem
511 1725 595 1787 vobis
616 1742 779 1787 memorare
800 1726 865 1788 siue
886 1725 955 1786 illol

137 1810 242 1872 ordine
264 1829 345 1873 nunc
367 1818 507 1890 repetam.
552 1828 609 1872 nen
632 1810 721 1889 longo
742 1809 864 1891 ambage
885 1828 984 1872 morer
1004 1827 1070 1871 ros:

137 1913 203 1958 ossa
225 1895 361 1975 cinisque
382 1894 489 1970 iacent,
511 1895 635 1957 memori
657 1913 732 1976 quos
754 1905 853 1958 mente
874 1894 1011 1977 requiris.

138 1989 168 2041 et
190 1990 279 2061 quota
301 1999 372 2060 pars
393 1979 435 2041 illi
459 1998 557 2042 rerum
580 1980 693 2061 periere
714 1981 861 2044 mearuml

136 2064 197 2127 dira
221 2065 285 2126 lues
306 2065 349 2126 ira
372 2065 491 2145 populis
512 2065 635 2126 lunonis
656 2064 775 2145 iniquae

136 2149 249 2225 incidit,
272 2167 377 2211 exosae
399 2149 491 2212 dictas
513 2169 529 2211 a
551 2150 645 2231 pelice
668 2158 768 2213 terras.

135 2235 206 2296 dum
228 2234 323 2296 visum
345 2235 470 2297 mortale
492 2235 600 2297 malum
622 2244 779 2317 tantaeque
800 2235 907 2298 latebat

135 2337 221 2382 causa
245 2337 358 2382 nocens
379 2319 480 2395 cladis,
502 2331 666 2402 pugnatum
689 2330 733 2382 est
754 2329 816 2382 arte
837 2320 990 2382 medendi:

135 2404 257 2466 exitium
279 2405 437 2486 superabat
458 2423 556 2486 opem,
579 2424 654 2486 quae
674 2404 748 2467 victa
771 2405 890 2467 iacebat.

135 2489 284 2571 principio
308 2489 422 2552 caelum
443 2490 536 2571 spissa
558 2490 683 2569 caligine
706 2498 800 2552 terras

134 2574 242 2655 pressit
264 2584 293 2636 et
314 2574 436 2652 ignavos
457 2575 578 2637 inclusit
600 2575 728 2637 nubibus
750 2582 863 2647 aestus;

134 2660 263 2740 dumque
286 2668 390 2740 quater
412 2659 521 2723 iunctis
543 2661 669 2742 explevit
689 2660 830 2722 cornibus
851 2658 953 2720 orbem
1166 2669 1211 2719 530

133 2743 228 2817 Luna,
252 2754 355 2826 quater
375 2745 498 2827 plenum
520 2756 637 2808 tenuata
660 2745 786 2808 retexuit
806 2745 918 2815 orbem,
961 2826 1011 2878 w

132 2854 337 2865 ——„
897 2842 958 2894 scep
971 2843 992 2878 rr

202 2897 252 2948 502
271 2895 437 2962 Cecropidum
456 2897 596 2950 05110000.
646 2892 779 2963 peregitl
831 2898 880 2949 506
898 2895 969 2962 regni
1024 2914 1039 2952 ς
1090 2896 1162 2962 regui
1181 2893 1207 2947 ll

133 3047 236 3099 sinistra
254 3050 418 3111 (aecum.
435 3047 462 3113 2)
480 3046 506 3099 Μ
576 3051 625 3103 509
643 3048 757 3100 diciteC
794 2979 918 3100 ldientes
986 2981 1115 3101 etomnid
1142 2987 1208 3156 disin}

132 3180 215 3217 rerum
233 3163 258 3215 M
311 3172 338 3218 et
355 3167 438 3218 omnis
456 3164 526 3219 ait).
581 3173 606 3220 et
624 3167 706 3220 omnis
724 3173 796 3219 eata
865 3170 915 3220 sto
934 3167 1025 3220 robora
1045 3184 1095 3220 uon
1115 3168 1208 3221 desunt

114 3234 154 3285 ,Α
211 3233 294 3287 hostis
311 3233 337 3285 M
394 3236 496 3291 hostis
566 3235 812 3302 .Trortspositione
830 3235 917 3336 loerrpo
935 3239 1076 3287 restituere
1094 3243 1210 3356 coapptua

131 3384 205 3433 sunu
219 3386 272 3435 pro
291 3374 318 3421 et
336 3370 420 3423 omnia
437 3373 535 3436 scripsi
551 3369 630 3424 lliuoi
688 3375 735 3426 stt
756 3371 836 3439 gretia
846 3310 880 3356 su
889 3371 938 3424 diis
957 3368 972 3423 λ
1041 3375 1090 3426 512
1108 3323 1164 3441 sits!
1181 3373 1207 3426 Μ

234 3470 262 3507 se
280 3471 314 3507 au.
331 3471 384 3506 rae.

131 3525 180 3576 518
201 3522 292 3589 (ilipula
372 3528 411 3575 est
428 3522 454 3575 Μ
472 3527 550 3588 (eras.
568 3525 604 3590 lo)
690 3527 739 3580 519
756 3525 830 3578 robis
849 3541 983 3592 posseme
1039 3528 1094 3579 siue
1112 3529 1207 3581 ulloll

131 3607 202 3643 corr.
220 3591 259 3642 ad.
273 3594 365 3659 princ.
452 3595 501 3646 520
519 3597 588 3644 sies
639 3594 779 3647 morerisC
849 3596 898 3648 522
916 3595 971 3647 illic
989 3594 1026 3646 Ca
1040 3612 1085 3661 pr.
1103 3613 1127 3648 o.
1147 3598 1207 3650 ieet.

131 3728 180 3778 524
200 3727 281 3792 pelice
300 3726 327 3791 (li
346 3744 380 3778 ec
397 3729 424 3791 u)
441 3725 467 3778 Μ
547 3731 595 3782 525
613 3730 696 3782 risum
714 3736 784 3783 esta
864 3733 913 3784 sat
933 3701 1010 3799 opeffi
1027 3730 1053 3783 Μ
1112 3749 1206 3800 opese

129 3795 247 3862 uictqque
265 3795 416 3851 iacebautr
502 3799 552 3849 530
570 3797 680 3867 dumque
698 3797 741 3850 Μ’
758 3803 778 3852 r'.
794 3816 818 3851 r.
887 3801 1012 3853 iuuetise
1084 3802 1204 3867 plenisC

130 3864 176 3915 531
198 3863 281 3930 plenis
299 3864 413 3931 expleuit
431 3865 550 3918 cornibus
568 3882 593 3920 ο.
610 3885 623 3918 0
