2692 4230
147 103 188 163 30
607 112 760 169 ΜΕΤΑΜΜ.

147 290 177 343 et
197 283 285 345 modo
309 302 386 365 quos
407 284 449 346 illi
470 286 562 347 tatum
584 284 758 362 contingere
780 304 841 348 non
864 299 919 365 est,

145 368 289 451 prospicit
310 387 443 467 ooeasus,
464 368 613 431 interdum
635 368 757 448 respicit
777 381 877 435 ortus:

145 454 275 535 quidque
301 464 366 533 agat
388 454 510 533 ignarus
529 460 637 532 stupet,
660 459 691 512 et
713 470 769 514 nec
791 455 873 518 trena
895 459 1029 534 remittit,

147 558 200 601 nee
222 539 351 601 retinere
372 538 457 611 valet,
479 553 535 597 nee
557 536 677 596 nomina
701 538 782 597 novit
803 558 960 620 equorum.

144 643 243 706 sparsa
266 642 386 705 quoque
407 622 439 683 in
460 619 540 681 vario
564 619 672 700 passim
694 621 836 684 miracuta
858 628 942 690 eaelo

142 718 348 791 vastarumque
368 705 447 767 videt
451 703 599 801 ’trepidus
619 704 775 766 simulacra
797 706 937 775 terarum.

144 801 189 855 est
212 793 335 867 loeus,
327 809 358 854 rn
381 789 516 869 geminos
537 788 588 849 ubi
610 787 747 850 braoehia
769 807 911 857 concavat
931 816 1019 861 areus

143 879 296 976 scorpius
300 886 329 938 et
351 874 442 936 cauda
464 872 606 953 flexisque
627 873 777 955 utrimque
798 875 916 941 lacertis

142 963 267 1044 porrigit
288 962 319 1022 in
341 957 473 1055 spatium
493 958 646 1037 signorum
667 962 800 1022 membra
821 961 960 1027 duorum

142 1049 222 1109 huno
244 1063 319 1126 puer
341 1052 376 1104 ut
397 1042 475 1123 nigri
496 1044 645 1106 madidum
666 1046 775 1108 sudore
796 1049 902 1108 veneni

140 1132 260 1193 vulnera
283 1136 402 1190 curuata
422 1128 606 1191 minitantem
628 1132 753 1212 cuspide
777 1131 858 1206 vidit,

140 1215 248 1276 mentis
269 1213 358 1295 inops
379 1213 474 1295 gelida
497 1214 654 1278 formidine
675 1216 738 1278 lora
759 1217 882 1279 remisit.

140 1318 215 1380 quae
237 1310 393 1380 postquam
416 1318 531 1362 summo
554 1301 676 1380 tetigere
697 1301 822 1364 iacentia
846 1313 942 1383 tergo,

140 1384 340 1465 exspatiantur
361 1386 431 1466 equi
454 1384 595 1466 nulloque
617 1385 769 1447 inhibente
792 1406 846 1468 per
867 1406 955 1450 auras

140 1469 260 1549 ignotae
281 1470 413 1550 regionis
434 1479 515 1545 eunt,
537 1488 654 1551 quaque
675 1470 804 1551 impetus
824 1473 895 1551 egit,

138 1554 193 1616 hae
215 1556 280 1618 sine
301 1556 368 1635 lege
389 1565 480 1617 ruunt
503 1554 620 1635 altoque
642 1554 697 1616 suh
720 1556 838 1617 aethere
860 1558 928 1620 bris

138 1639 291 1702 incursant
313 1640 405 1702 stellis
427 1639 604 1720 rapiuntque
625 1659 679 1720 per
700 1639 762 1702 avia
783 1659 915 1702 eurtum.

138 1735 168 1786 et
189 1726 277 1786 modo
300 1743 415 1786 summa
437 1734 552 1805 petunt,
573 1725 662 1786 modo
684 1743 739 1804 per
755 1725 866 1787 declive
890 1728 1011 1808 viasque

137 1810 313 1891 praecipites
335 1810 432 1906 spatio
455 1817 550 1869 terrae
572 1808 712 1889 propiore
735 1810 881 1873 seruntur.

136 1895 320 1974 interiusque
342 1894 405 1955 suis
426 1893 571 1953 fraternos
592 1910 713 1954 currere
735 1893 819 1955 Luna

135 1979 295 2041 admiratur
316 1997 420 2058 equos,
442 1973 635 2057 ambustaque
658 1977 757 2038 nubila
781 1978 915 2053 fumant3

135 2063 295 2145 corripitur
317 2063 450 2136 flammis,
473 2073 506 2125 ut
527 2081 662 2143 quaeque
684 2063 834 2136 altissima,
857 2063 955 2136 tellus,

135 2149 262 2228 fissaque
284 2149 344 2228 agit
366 2149 456 2210 rimas
477 2157 505 2209 et
527 2148 605 2209 sueis
626 2157 689 2209 aret
710 2149 863 2229 ademptis.

135 2233 241 2315 pabula
265 2244 438 2306 canescunt,
460 2250 528 2295 eum
551 2233 705 2294 frondibus
728 2233 824 2295 uritur
845 2233 944 2308 arbor,

135 2319 345 2399 materiamque
367 2337 422 2380 suo
444 2318 566 2400 praebet
586 2336 671 2396 seges
693 2319 773 2379 arida
796 2320 913 2380 damno.

135 2423 221 2485 parva
244 2422 368 2484 queror:
413 2421 535 2482 maguae
557 2411 683 2483 pereunt
704 2421 772 2463 eum
795 2404 953 2466 moenibus
974 2404 1073 2479 urbes,

134 2507 262 2569 eumque
283 2488 345 2550 suis
367 2497 442 2550 totas
464 2487 583 2569 populis
604 2488 741 2549 incendia
764 2498 868 2566 gentes

134 2575 164 2635 in
188 2575 317 2636 cinerem
340 2582 467 2635 vertunt.
512 2573 599 2634 silvae
621 2592 689 2635 eum
713 2574 863 2635 montibus
890 2574 1004 2649 ardent,

133 2660 215 2720 ardet
236 2660 328 2719 Athos
350 2658 524 2738 Taurusque
546 2658 620 2720 Cilix
642 2668 671 2720 et
692 2657 815 2719 Tmolus
836 2671 867 2719 et
889 2658 963 2720 Oete

134 2755 163 2805 et
184 2754 246 2805 tum
268 2744 356 2816 sicea,
379 2743 463 2824 prius
484 2744 660 2805 creberrima
683 2742 825 2816 sontibus,
849 2744 899 2805 lde

132 2829 340 2908 virgineusque
362 2827 487 2891 Helicon
510 2838 539 2890 et
561 2831 693 2891 nondum
716 2828 860 2907 Oeagrius
883 2829 1030 2903 Haemus3

133 2915 214 2975 ardet
236 2914 266 2974 in
290 2915 457 2975 inmensum
478 2914 634 2993 geminatis
656 2913 776 2994 ignibus
804 2916 896 2974 Aetna

131 2999 335 3079 Parnasusque
357 2997 460 3079 bioeps
482 3009 511 3060 et
532 2999 609 3079 Eryx
631 3009 660 3060 et
682 2999 817 3079 Cynthus
842 3011 872 3059 et
895 2997 1006 3076 Othrys

133 3094 162 3145 et
183 3085 300 3145 tandem
324 3082 440 3144 uiribus
462 3082 604 3164 Rhodope
626 3084 753 3146 caritura
776 3083 939 3163 Mimasque

133 3168 335 3249 Dindymaque
358 3180 386 3229 et
408 3167 518 3247 Mycale
542 3179 688 3248 natusque
710 3170 745 3231 ad
768 3186 849 3230 sacra
873 3167 1041 3229 Cithaeron

130 3276 334 3287 fl*—

204 3318 514 3372 termulensem
575 3320 620 3370 191
659 3314 797 3386 uodquet
862 3320 911 3371 196
930 3317 1031 3385 flexrsq
1048 3315 1163 3384 utrumq
1158 3313 1209 3366 ’Μ

132 3382 239 3438 derisi
273 3388 318 3439 201
341 3335 729 3452 sumtuum-tergumlffe'q
654 3389 719 3437 eins.
772 3388 821 3438 204
840 3385 855 3436 i
872 3383 943 3438 aoht
979 3380 1037 3437 aci
1088 3332 1155 3437 205(Ι
1156 3399 1209 3451 que

131 3556 181 3593 om.
190 3539 216 3590 Μ
251 3541 301 3593 206
314 3469 417 3592 derha¹
424 3537 451 3590 Μ
485 3535 612 3593 declinat
645 3540 695 3591 209
708 3539 830 3589 ammirat
826 3537 868 3603 y!
883 3533 1006 3604 bquosli
1044 3467 1208 3590 215totlrgrhi

131 3675 246 3728 incendia
265 3626 373 3742 }tht·
366 3691 417 3727 rue
431 3670 544 3727 terrast
595 3677 644 3727 217
665 3675 760 3727 tmolus
777 3671 803 3725 M
833 3668 947 3725 molusl
1000 3675 1050 3754 ²¹⁸.
1068 3677 1095 3726 et
1113 3667 1207 3725 tune).

130 3744 294 3796 celeberrima
312 3761 329 3796 a
346 3760 381 3796 m.
399 3746 548 3795 recentiore
564 3759 598 3794 ιω
616 3743 767 3794 creberrima
785 3739 801 3794 t
870 3742 947 3794 220
939 3756 1064 3794 minensis
1081 3737 1098 3792 λ
1154 3743 1203 3794 221

121 3811 236 3946 ,⁰523qu
251 3813 331 3930 2otriu
354 3809 370 3864 λ
439 3814 488 3865 222
511 3809 606 3878 rodope
631 3806 767 3862 nivibusl
836 3809 954 3877 mimasq;
978 3811 1031 3874 (ma
1054 3826 1090 3861 ea
1112 3811 1156 3875 ua)
1178 3805 1206 3860 Μ
