2692 4230
540 119 721 179 uturum

93 291 174 355 bunc
194 311 270 375 puer
290 293 456 378 inprudens
477 291 575 355 iaculo
597 290 773 372 Cyparissus
793 303 883 358 acuto
1123 304 1166 360 tte

93 377 170 440 tlxitz
193 388 223 440 et
243 387 277 450 ut
298 398 383 445 saevo
404 376 582 440 morientem
605 373 729 437 vulnere
750 377 831 455 vidit,

92 461 166 525 velle
186 464 262 526 muri
284 463 395 527 statuit.
439 477 515 540 quae
537 475 599 519 nnn
622 457 731 521 solacia
752 460 891 528 Phoebus

92 547 165 609 dixit
185 555 215 610 et
235 557 270 612 ut
290 547 392 611 leviter
413 560 468 626 pro
489 542 672 624 materiaque
694 542 817 621 deleret,
857 557 860 563 ’

92 632 261 695 admonuitt
297 629 388 712 gemit
409 626 460 689 illc
480 635 579 690 tamen
601 645 772 709 munusque
792 647 964 712 supremum

92 717 150 779 bec
170 717 245 798 petit
265 735 282 779 a
303 710 429 812 superis,
451 721 485 773 ut
505 721 641 796 tempure
661 711 762 810 lugeat
783 715 873 778 omni.

92 797 870 963 tuditiiliti‘tzttttiltlrl‘illl,

93 978 123 1031 et
142 967 231 1030 mede
255 965 307 1047 qui
329 964 412 1027 nivea
435 966 606 1048 pendebant
627 968 725 1031 irunte
746 966 855 1049 capilli,

92 1052 210 1115 barrida
233 1050 376 1112 caesaries
399 1049 463 1112 deri
483 1061 664 1135 sumptoque
685 1052 786 1133 rigore

92 1137 238 1199 sidereum
259 1133 360 1214 gracili
382 1144 516 1216 spectare
538 1136 694 1201 cacumine
715 1136 839 1199 caelum.

93 1218 238 1299 ingemuit
258 1217 409 1301 tristisque
431 1219 504 1282 deus
522 1212 677 1301 ‘lugebere
699 1221 787 1286 nobis

92 1303 267 1384 lugebisque
287 1302 362 1367 alies
382 1305 539 1388 aderisque
559 1302 740 1371 delentibus’
766 1305 871 1389 inquit

177 1387 248 1449 'lale
269 1407 376 1453 nemus
396 1399 477 1453 vates
497 1399 656 1455 attraxerat
676 1392 769 1474 inque
791 1392 920 1455 terarum

93 1471 221 1535 concilio
243 1474 358 1537 medius
379 1474 467 1537 turba
488 1476 704 1557 volucrumque
728 1475 858 1539 sedebat.

92 1565 126 1618 ut
146 1558 218 1620 satis
239 1558 373 1640 inpulsas
392 1560 547 1640 temptavit
567 1559 678 1640 pellice
702 1561 828 1622 chordas

92 1650 122 1704 ct
142 1643 235 1705 sensit
255 1643 361 1719 varios,
384 1643 517 1722 quamvis
538 1642 653 1705 diversa
675 1653 828 1719 sonarent,

92 1727 274 1790 concordare
295 1727 410 1802 modos,
432 1728 490 1790 buc
511 1744 614 1790 recem
638 1728 770 1790 carmine
791 1727 897 1790 movit:

173 1803 231 1872 ‘Ab
253 1810 331 1886 lere,
352 1810 436 1873 llusa
458 1830 578 1893 parens,
599 1814 712 1876 cedunt
732 1812 810 1875 lovis
831 1811 929 1874 omnia
952 1829 1054 1892 regno,

92 1894 221 1957 carmina
245 1904 346 1958 nestra
367 1896 469 1958 moret
492 1896 570 1959 levis
593 1907 638 1959 est
659 1897 732 1961 mibi
754 1916 842 1978 saepe
863 1905 992 1980 potestas

93 1979 180 2042 dicta.
224 1980 308 2061 prius
330 1980 425 2042 cecini
447 1980 562 2061 plectro
584 1982 719 2062 graviore
741 1981 880 2062 Gigantas

92 2081 252 2146 sparsaque
273 2064 443 2164 Phlegraeis
463 2066 594 2128 victricia
617 2066 743 2129 fulmina
765 2067 893 2148 campis:

92 2148 918 2317 112111111111111111ἓῇ16

92 2318 211 2398 ignibus
232 2319 371 2381 attonitas
392 2319 537 2382 meruisse
559 2320 682 2383 libidine
704 2337 840 2402 poenam.
943 2357 947 2379 .

177 2402 238 2465 lies
261 2422 402 2485 superum
425 2404 544 2485 Phrygii
568 2406 718 2486 quondam
742 2403 917 2484 Ganymedis
939 2421 1038 2466 amore
1122 2412 1166 2465 tat

92 2487 172 2563 arsit,
195 2497 225 2550 et
246 2487 399 2551 inventum
422 2498 469 2551 est
488 2489 611 2570 aliquid,
633 2490 713 2572 qued
735 2488 869 2571 luppiter
889 2507 963 2564 esse,

92 2590 179 2654 quarn
203 2574 283 2653 quod
307 2583 378 2647 erat,
400 2573 509 2636 mallet
553 2574 634 2637 nulla
658 2584 758 2636 tamen
780 2573 849 2636 alite
869 2573 942 2636 verti

92 2657 237 2736 dignatur,
261 2657 318 2719 nisi
341 2676 416 2738 quae
438 2667 542 2740 posset
563 2677 616 2721 sua
638 2658 763 2721 fulmina
784 2659 871 2720 terre.

93 2760 148 2804 nec
169 2759 261 2816 mera,
283 2759 426 2822 percusso
447 2743 642 2806 mendacibus
663 2755 731 2807 aare
753 2743 861 2826 pennis

91 2826 198 2909 abripit
220 2825 348 2902 Iliaden;
371 2826 421 2907 qui
444 2845 527 2889 nunc
549 2846 670 2910 quoque
692 2827 800 2912 pocula
822 2827 924 2890 miscet
1121 2834 1166 2887 ltu

92 2910 240 2992 invitaque
261 2910 322 2973 lovi
346 2922 447 2974 ncctm
467 2912 584 2975 lunone
605 2914 764 2976 ministrat.

176 2994 219 3057 'l'e
242 3014 371 3076 quoque,
394 2997 554 3078 Angelius,
578 2999 728 3079 posuisset
749 2998 780 3059 in
802 2996 920 3058 actbere
944 2993 1091 3068 Phoebus,

92 3079 185 3142 tristia
208 3080 232 3142 si
255 3080 382 3161 spatium
404 3081 537 3162 penendi
559 3081 617 3145 lata
643 3083 803 3145 dedissent

93 3182 149 3245 qua
172 3163 252 3239 licet,
273 3173 413 3228 aeternus
433 3177 533 3228 tamen
557 3185 605 3228 es:
628 3167 826 3248 quotiensque
846 3162 963 3244 repellit

163 3300 207 3351 131
227 3295 284 3349 usit
301 3297 324 3362 (i
339 3315 374 3349 ea·
391 3297 418 3362 d)
435 3296 461 3350 11
532 3302 582 3353 133
600 3298 664 3352 dixit
683 3299 714 3353 ad
732 3300 801 3351 bunc
817 3297 868 3350 les.
884 3294 910 3348 11
974 3295 998 3348 d.
1017 3300 1044 3347 et
1062 3295 1129 3348 bunc
1146 3293 1164 3348 l.

91 3364 166 3417 ilices
216 3363 251 3432 (1.,
269 3372 295 3416 at
313 3365 410 3418 utiliter
427 3365 547 3418 Meritd'
594 3371 661 3428 ,138
679 3368 747 3420 nivei
767 3367 893 3429 (altarum
910 3366 917 3416 i
935 3366 955 3416 i.
972 3369 1007 3428 r.)
1025 3361 1051 3415 11
1114 3365 1162 3415 rat

90 3434 140 3487 buc
150 3431 241 3486 note
253 3447 344 3485 rocem
355 3432 382 3486 tl
437 3437 484 3488 1⁵⁰
501 3439 541 3486 sie
557 3439 731 3502 interpunxit
748 3432 776 3495 λς
794 3435 908 3486 editores
923 3436 984 3499 pert
995 3430 1065 3499 prius
1074 3433 1166 3511 ⁸inter·-

86 3507 215 3622 prim}
286 3503 332 3555 tit
358 3499 472 3569 pale'geis
493 3500 519 3554 11
588 3505 674 3565 (eurr.
697 3507 727 3555 in
747 3517 832 3568 marg.
853 3515 887 3551 m.
907 3498 936 3564 2)
1005 3513 1114 3551 carmina
1137 3495 1163 3549 11

90 3587 235 3692 :minei
289 3637 336 3690 113
354 3635 454 3704 puellas
470 3653 542 3690 cerr.
560 3655 596 3689 ec
613 3635 751 3707 puellisbl
813 3639 858 3691 ret
877 3649 1005 3756 puerpeapr
1058 3635 1107 3688 116
1124 3638 1165 3686 est

90 3769 173 3825 mi
226 3772 274 3826 tat
291 3775 528 3843 portet-terres
584 3776 631 3829 166
649 3767 772 3841 arripitl
821 3719 907 3825 3:ss
973 3767 999 3820 11
1054 3770 1098 3823 161
1119 3783 1165 3836 pn·

86 3903 216 3961 suisseti
272 3907 319 3960 tet
338 3835 486 3958 {aalma
