2692 4230
131 146 252 184 cmnrsro
575 128 603 182 11.
621 129 764 181 bui-⁴62.

131 305 163 365 in
187 305 296 386 quibus
319 322 351 365 es
372 309 477 363 venata
499 293 607 379 ingist'
630 301 667 362 de
689 300 817 407 caespite
841 299 920 377 virgo

130 410 165 452 se
185 391 262 452 levat
284 398 314 450 et
332 381 424 447 ‘satra
448 403 568 460 numen,
590 404 638 447 me
661 386 777 458 indice,
799 385 869 446 dixit

128 469 243 537 ‘audiat
265 475 330 554 ipse
352 470 433 543 lieet,
456 471 551 534 maius
572 465 658 532 love?
702 471 779 532 ridet
799 481 829 532 et
854 467 934 530 audit

130 573 161 622 et
183 560 238 621 sibi
262 555 407 637 praeferri
429 572 461 615 se
483 558 590 634 gaudet
612 567 642 616 et
662 556 763 616 oscula
788 555 884 634 iungit

131 664 188 707 neo
210 642 361 703 moderata
384 639 455 701 satis
478 660 532 704 neo
554 643 597 703 sie
618 660 634 701 a
656 639 769 719 virgine
791 640 894 701 danda.

130 749 189 811 qua
212 735 316 786 renata
339 724 416 785 foret
438 725 519 799 silva,
542 744 660 788 narrare
683 736 833 804 parantem

130 810 253 892 impedit
276 808 424 890 amplexu,
448 831 505 873 neo
527 811 645 872 sosine
667 809 789 870 erimine
812 809 919 890 prodit.

129 897 179 957 itta
202 894 321 974 quidem
345 906 461 970 eontra,
483 905 627 977 quantum
649 894 737 953 modo
759 894 866 954 femina
893 893 994 972 possit,

129 981 310 1060 (adspiceres
333 981 458 1053 utinam,
481 980 627 1050 Saturnia,
650 977 750 1037 mitior
772 987 863 1051 esses)

129 1065 180 1125 illa
203 1065 323 1145 quidem
348 1076 478 1146 pugnat:
501 1064 553 1125 sed
576 1081 662 1143 quem
685 1080 827 1142 superare
849 1061 957 1143 puella,

130 1150 234 1230 qnisre
256 1149 355 1212 Iovem
378 1145 518 1231 poterat?
539 1182 582 1194 -
602 1166 742 1229 superum
766 1147 840 1227 petit
861 1147 977 1208 aethera
1000 1145 1094 1207 vietor

129 1235 281 1315 luppiter:
305 1236 376 1297 huie
397 1235 466 1295 odio
490 1251 595 1295 nemus
617 1245 661 1294 est
682 1244 711 1294 et
732 1233 849 1293 conscia
872 1230 952 1292 silva.

130 1323 212 1383 unde
234 1321 339 1402 pedem
362 1320 495 1381 reserens
517 1337 612 1399 paene
634 1326 679 1379 est
700 1316 789 1378 oblita
816 1319 983 1398 pharetram

130 1407 235 1467 tollere
257 1423 326 1466 oum
349 1403 415 1464 telis
438 1413 468 1464 et
491 1422 579 1484 quem
602 1402 795 1483 suspenderat
815 1420 926 1463 areum.

130 1510 211 1564 eece,
233 1508 289 1550 suo
312 1489 452 1550 comitata
475 1490 566 1550 eboro
589 1488 733 1566 Dictynna
755 1506 808 1566 per
829 1486 919 1548 altum

130 1573 286 1638 Maenalon
310 1573 483 1652 ingrediens
505 1583 533 1635 et
556 1573 644 1634 caede
666 1572 792 1652 superba
816 1573 942 1632 serarum

129 1658 257 1740 adspicit
278 1660 356 1719 bano
379 1659 530 1738 visamque
552 1669 651 1718 vocat:
674 1656 796 1719 clamata
819 1657 927 1736 refugit

130 1753 161 1806 et
181 1744 281 1806 timuit
302 1744 409 1825 primo,
433 1763 471 1804 ne
492 1742 627 1824 luppiter
648 1751 726 1803 esset
747 1741 777 1802 in
800 1742 858 1802 iila.

131 1830 182 1891 sed
205 1838 364 1909 postquam
388 1829 498 1908 pariter
521 1828 664 1908 nymphas
683 1827 819 1888 incedere
842 1827 920 1899 vidit,

130 1915 224 1976 sensit
245 1914 349 1975 abesse
371 1912 456 1974 dolos
480 1931 696 1992 numerumque
718 1913 841 1973 aoeessit
862 1913 897 1973 ad
920 1914 1037 1973 barum.

130 2001 190 2061 beu
212 2016 302 2079 quam
324 1998 445 2059 difficile
467 2008 513 2060 est
534 1999 645 2060 crimen
669 2016 729 2058 non
752 1998 878 2078 prodere
906 1996 1005 2058 rultul

130 2085 178 2145 vix
200 2085 305 2145 oeulos
326 2083 436 2145 attollit
458 2084 560 2157 humo,
583 2101 648 2155 neo,
670 2093 703 2142 ut
724 2092 792 2143 ante
820 2082 942 2153 solebat,

131 2171 233 2231 iuncta
256 2169 329 2229 deae
351 2168 435 2230 lateri
460 2187 516 2229 neo
538 2176 599 2228 toto
622 2177 667 2228 est
687 2167 805 2246 agmine
826 2168 931 2247 prima,

131 2255 182 2316 sed
205 2253 271 2314 silet
294 2263 323 2313 et
346 2253 415 2313 laesi
439 2253 488 2314 dat
510 2254 592 2332 signa
615 2252 724 2313 rubore
748 2252 883 2332 pudoris3

131 2349 171 2414 et,
194 2339 251 2400 nisi
274 2339 353 2418 quod
376 2338 459 2417 virgo
482 2346 538 2412 est,
560 2349 676 2418 poterat
696 2336 807 2398 sentire
828 2337 919 2398 Diana

131 2425 213 2485 mille
236 2424 317 2485 notis
339 2423 476 2504 culpam;
501 2424 647 2504 nymphae
668 2423 795 2484 sensisse
817 2423 961 2485 feruntur.

131 2508 204 2570 orbe
226 2507 422 2587 resurgebant
443 2508 558 2570 lunaria
579 2527 689 2569 cornua
711 2527 803 2580 nono,

131 2613 201 2656 eum
224 2594 277 2654 dea
300 2604 417 2667 venatu,
440 2593 578 2654 fraternis
599 2593 736 2672 languida
759 2593 892 2665 flammis,

132 2688 219 2740 nacta
242 2697 348 2740 nemus
370 2677 511 2757 gelidum,
534 2679 652 2758 dequo
675 2696 741 2740 oum
764 2695 915 2738 murmure
938 2675 1041 2737 labens

132 2764 195 2826 ibat
217 2773 248 2825 et
269 2763 384 2825 attritas
405 2764 539 2828 versabat
559 2763 640 2825 rivus
661 2763 794 2824 harenas.

133 2862 166 2911 ut
188 2850 252 2911 looa
276 2849 413 2922 laudavit,
436 2867 566 2910 summas
588 2850 663 2928 pede
684 2848 809 2926 contigit
831 2846 941 2906 undas:

133 2936 180 2995 bis
202 2953 322 3015 quoque
344 2931 469 2994 laudatis
487 2927 606 3014 ‘prqeul
628 2928 678 2994 est‘
703 2935 744 2994 ait
762 2927 884 2992 ‘arbiter
906 2930 1020 3004 omnis;

134 3021 212 3081 nuda
235 3020 401 3100 superfusis
424 3020 593 3098 tinguamus
616 3038 739 3099 corpora
762 3011 907 3097 lymphis?

133 3105 285 3166 Parrhasis
308 3105 437 3165 erubuit.
461 3114 585 3166 cunctae
607 3104 749 3165 retamina
773 3113 903 3183 ponunt:
950 3105 954 3112 '
1169 3108 1212 3156 too

134 3208 193 3251 una
216 3208 314 3249 moras
338 3190 461 3268 quaerit.
504 3189 649 3250 dubitanti
671 3190 760 3250 vestis
781 3190 914 3267 adempta
937 3196 1000 3258 est;

134 3294 192 3356 qua
215 3275 311 3356 posita
335 3275 415 3335 nudo
439 3276 534 3355 patuit
555 3294 622 3335 cum
644 3294 768 3355 corpore
790 3274 911 3335 crimen.

272 3424 283 3476 i
296 3387 343 3477 neo
356 3426 393 3476 sic
406 3441 421 3475 a
433 3425 532 3490 virgine
545 3424 626 3475 danda
835 3453 848 3486 a

204 3496 252 3545 431
274 3508 321 3544 uec
339 3495 407 3544 enim
426 3493 556 3544 moderata
570 3492 670 3542 sueres
717 3495 765 3543 432
785 3498 915 3558 parentem
928 3488 952 3539 bi
1005 3491 1055 3540 433
1074 3481 1212 3549 seliamM

135 3632 186 3683 434
199 3571 325 3696 {gabriel
360 3635 489 3696 pugnate
540 3627 666 3693 possetD
719 3630 768 3679 436
786 3642 862 3693 quem
882 3629 951 3676 coni.
968 3621 1080 3688 bentley
1115 3618 1213 3687 quael}

135 3694 221 3750 noni
264 3700 314 3749 43Ί
326 3703 388 3763 post
399 3713 521 3764 superum
532 3695 857 3762 interpunxitlcdohn
903 3696 952 3746 439
965 3688 1095 3745 {undeM
1127 3687 1214 3742 indes

136 3823 183 3872 444
199 3815 304 3870 ῑΙιοῐολ
346 3820 397 3869 444
416 3812 563 3867 extimuit).
605 3812 875 3879 atonnmerosquebt
919 3815 969 3863 450
983 3789 1125 3876 pbdorisM
1163 3812 1209 3859 454

135 3883 245 3950 etJatt
292 3884 550 3950 notretulgebante
595 3888 645 3938 455
659 3882 773 3953 gelidum
784 3886 849 3935 este
895 3876 1222 3941 tb‘lsrbmenibbmb
