2692 4230
104 104 165 169 190
563 115 718 172 medat

103 295 148 349 est
168 287 243 364 data,
265 289 350 373 plura
372 292 447 374 petit
468 289 614 367 turbaque
635 287 770 350 voracior
791 289 854 372 ipsa
874 299 936 353 est:

102 371 146 433 sic
167 374 269 456 epulas
292 394 396 439 omnes
418 369 644 453 Erysichthonis
665 387 718 432 ora
738 375 855 453 profani

101 457 252 540 accipiunt
273 468 460 542 poscuntque
480 453 578 517 simul.
623 451 708 516 cibus
730 458 828 520 omnis
848 460 879 522 in
906 459 955 522 illo

101 559 188 606 causa
211 545 269 607 cibi
292 555 346 618 est.
367 556 546 621 semperque
567 537 652 600 iocus
673 537 708 599 flt
730 538 827 603 inanis
848 543 971 607 edendo.

184 628 305 710 lamque
326 628 403 688 ieme
424 623 534 705 patrias
556 622 674 706 altaque
694 624 834 704 voragine
854 629 965 690 ventus

99 721 266 776 attenuarat
286 728 369 791 opes,
391 708 442 770 sed
465 707 649 772 inattenuata
671 707 809 770 manebat

99 806 162 858 tum
185 813 305 878 quoque
326 793 389 855 dira
412 793 515 867 fames,
535 793 758 874 inplacataequc
780 792 894 872 vigebat

99 880 216 943 flamma
237 878 333 958 gulae.
378 886 407 938 et
428 878 558 952 undam,
580 879 708 941 demisso
732 878 764 939 in
786 877 895 940 viscera
917 897 1020 955 censu,

99 965 158 1026 fllia
179 963 315 1036 restabat,
339 979 400 1023 non
422 961 473 1023 illo
494 963 584 1043 digua
605 973 738 1046 parente.

96 1049 175 1110 hanc
196 1065 314 1127 quoque
335 1046 435 1108 rendit
454 1047 552 1130 inops.
594 1050 750 1112 dominum
771 1064 913 1127 generosa
935 1057 1049 1112 recusat

98 1143 129 1194 et
150 1131 245 1193 vicina
267 1149 335 1192 suas
356 1132 482 1194 tendens
503 1151 595 1214 super
614 1153 745 1217 aequora
767 1132 878 1214 palmas

99 1216 201 1296 „eripe
221 1232 270 1277 mo
290 1216 422 1292 domino,
445 1218 496 1299 qui
517 1227 620 1299 raptae
642 1219 772 1301 praemia
798 1214 883 1279 nobis

85 1299 272 1382 'virginitatis
294 1301 402 1364 hahes“
426 1303 476 1366 ait.
519 1304 593 1366 haec
613 1303 773 1385 Neptunus
793 1300 927 1365 habebat.

97 1384 148 1464 qui
170 1404 260 1466 prece
282 1405 343 1448 non
365 1397 474 1469 spreta,
497 1389 630 1471 quamvis
651 1390 740 1451 modo
758 1389 818 1450 risa
840 1385 973 1468 sequenti

96 1479 174 1532 esset
194 1488 256 1547 cro,
278 1472 461 1554 formamque
483 1484 572 1535 norat
591 1473 766 1554 vultumque
787 1472 899 1535 virilem

62 1585 65 1592 ·
96 1553 192 1618 induit
213 1565 243 1618 et
264 1556 363 1619 cultus
385 1558 483 1638 pisces
504 1557 691 1637 capientibus
715 1566 811 1637 aptos.

95 1639 173 1702 hanc
193 1640 332 1702 dominus
353 1648 491 1722 spectans
513 1658 552 1715 „o
575 1640 628 1720 qui
649 1640 808 1721 pendentia
835 1657 923 1720 parvo

94 1743 161 1786 aera
184 1724 250 1786 cibo
272 1724 361 1796 celas,
384 1724 552 1786 moderator
572 1715 769 1797 harundinis,
791 1723 888 1802 inquit

91 1801 150 1871 ‘sio
171 1827 252 1870 mare
274 1808 473 1889 conpositum,
494 1808 539 1870 sio
560 1807 599 1870 sit
620 1809 674 1871 tibi
696 1809 787 1890 piscis
808 1807 840 1869 in
862 1807 940 1870 unda

96 1891 234 1956 credulus
255 1901 285 1954 et
306 1893 414 1967 nullos,
437 1892 493 1955 nisi
515 1893 601 1967 fixus,
623 1894 732 1956 sentiat
752 1895 871 1955 hamos:

96 1995 171 2057 quae
193 1978 282 2039 modo
305 1996 373 2040 cum
394 1977 444 2040 rili
466 1977 592 2040 turbatis
613 1990 694 2040 veste
720 1977 835 2059 capillis

94 2060 181 2124 litore
203 2061 235 2123 in
257 2064 315 2124 hoc
336 2072 466 2137 steterat,
489 2081 557 2125 nam
580 2072 708 2126 stantem
730 2064 761 2125 in
784 2062 870 2124 litore
891 2060 958 2133 vidi,

93 2146 141 2208 dic
164 2146 212 2208 ubi
235 2147 289 2208 sit:
313 2148 511 2227 nequeenim
534 2148 655 2227 vestigia
677 2148 796 2227 lougius
820 2147 963 2209 exstant.“

93 2230 142 2294 ilia
163 2232 210 2293 dei
232 2250 342 2294 munus
365 2232 440 2294 bene
463 2234 569 2294 cedere
590 2233 683 2294 sensit
706 2243 735 2294 et
755 2251 773 2293 a
794 2251 826 2294 se

92 2335 124 2378 se
147 2316 248 2397 quaeri
269 2318 410 2396 gaudens,
434 2317 481 2379 his
502 2326 547 2379 est
568 2326 703 2379 resecuta
724 2325 891 2396 rogantem:

93 2401 249 2482 „quisquis
270 2420 312 2476 es,
335 2403 486 2482 ignoscas3
509 2402 541 2464 in
565 2401 677 2465 nuliam
699 2402 810 2465 lumina
836 2409 948 2482 partem

92 2487 207 2566 gurgite
228 2486 265 2548 ab
287 2489 345 2549 hoo
365 2487 434 2551 flexi
455 2486 614 2568 studioque
636 2497 775 2569 operatus
797 2485 919 2549 inhaesi.

93 2589 212 2652 quoque
233 2571 333 2633 minus
354 2571 481 2646 dubites,
502 2571 546 2634 sic
567 2573 621 2634 has
642 2573 716 2633 deus
736 2571 872 2651 aequoris
893 2579 970 2632 artes

91 2656 216 2730 adiuret,
238 2668 271 2717 nt
293 2674 381 2718 nemo
403 2657 563 2719 iandudum
586 2657 674 2719 litore
696 2657 727 2717 in
751 2657 817 2730 isto,

91 2758 139 2802 me
161 2752 258 2804 tamen
283 2753 416 2822 excepto,
439 2760 495 2803 nec
516 2741 626 2803 femina
648 2741 783 2803 constitit
805 2739 893 2802 ulia.“

91 2825 214 2888 credidit
235 2836 265 2888 et
287 2845 371 2889 verso
393 2826 533 2889 dominus
554 2827 630 2908 pede
652 2825 760 2908 pressit
781 2828 919 2889 harenam

91 2911 250 2992 elususque
272 2911 359 2973 abiit:
382 2911 425 2974 idi
446 2931 498 2974 sua
520 2911 632 2973 reddita
652 2913 746 2972 forma
762 2920 816 2973 est.

175 2999 228 3058 Ast
249 2996 299 3058 ubi
321 2995 430 3059 habere
451 3015 534 3059 suam
557 2996 746 3058 transformia
767 3013 891 3075 corpora
913 2992 1014 3067 sensit,

90 3099 177 3162 saepe
199 3090 283 3162 pater
304 3082 431 3144 dominis
453 3081 612 3163 Triopeida
635 3081 732 3143 tradit.
774 3091 804 3141 at
827 3080 875 3140 iiia

91 3184 172 3227 nunc
193 3185 279 3245 equa,
301 3167 474 3240 nunccios,
496 3165 585 3228 modo
609 3166 673 3241 bos,
696 3167 784 3228 modo
806 3182 909 3226 cervus
930 3161 1028 3223 abibat

90 3286 274 3295 --.----
280 3288 291 3294 ..

88 3345 185 3434 οτιωξε
202 3381 228 3433 Μ
245 3384 275 3502 p'n
292 3397 380 3502 mprg.
465 3321 761 3454 &RQ-in
782 3383 838 3450 ipso
856 3380 880 3432 Μ
949 3384 998 3434 834
1016 3325 1117 3446 altique
1134 3376 1160 3429 Μ

268 3466 315 3503 ren
328 3466 363 3502 ms

87 3519 212 3586 altiquee
264 3519 405 3572 vestrasii
459 3521 510 3573 eto
527 3523 555 3572 et
573 3518 710 3572 tandemd
762 3521 809 3572 851
829 3519 892 3570 haec
908 3519 955 3581 (ec
971 3517 1047 3581 hanc)
1063 3518 1082 3570 ι’.
1093 3533 1117 3572 r.
1134 3511 1160 3564 Μ

87 3676 136 3728 852
156 3603 231 3725 ‘mo
252 3673 307 3724 visa
325 3670 350 3722 Μ
420 3688 450 3725 aa
468 3689 526 3729 aar
591 3673 642 3725 iam
660 3675 694 3724 ei.
711 3672 789 3724 diere
856 3673 904 3725 eet
924 3671 1010 3724 uultus
1027 3669 1159 3738 piscemG

87 3793 136 3844 858
155 3788 274 3844 nullusl
326 3762 453 3845 nutristi
518 3795 568 3846 856
587 3792 764 3845 honeratnsA
824 3795 943 3858 operatus
960 3788 1048 3840 Heius.
1108 3789 1158 3842 870

86 3859 183 3913 reddita
201 3875 246 3912 sua
265 3855 282 3910 t
350 3863 399 3913 att
418 3858 476 3912 diis
494 3859 526 3924 (is
543 3863 563 3912 ι’.
579 3862 614 3925 r.)
631 3858 656 3911 Μ
709 3859 840 3928 driopeida
858 3860 879 3910 A
