2692 4230
136 128 178 187 26
595 135 747 189 btnt'tbttt
1077 153 1211 194 esbernus

138 304 307 369 dissuadere
327 305 408 369 licet.
451 326 512 369 non
535 315 579 367 est
600 314 649 367 tna
671 313 733 366 tuta
761 306 905 370 voluntas.

137 409 243 470 magna
265 391 352 472 petis,
374 392 535 463 Phaethon,
558 398 588 450 et
610 407 684 469 quae
707 407 762 450 nec
784 391 894 455 viribus
920 392 985 455 istis

138 494 261 538 munera
283 477 460 539 conveniant
481 491 537 535 nec
558 481 616 533 tam
639 473 801 554 puerilibus
821 478 918 541 annis

138 579 203 623 sors
225 571 276 622 tua
297 561 438 633 mortalis,
460 576 519 620 non
544 567 589 618 est
610 557 734 619 mortale
756 560 835 639 qnod
857 572 951 643 optas.

139 645 207 725 plus
228 645 325 720 etiam,
348 661 435 727 quam
456 641 535 722 quod
557 641 674 721 superis
695 644 868 721 contingere
890 648 933 710 ias
951 657 1006 723 est,

140 730 259 792 nescius
279 729 414 793 adiectas.
458 726 572 806 placeat
592 726 649 787 sibi
672 725 797 806 quisque
819 726 929 810 licebit,

139 833 199 876 non
223 822 320 876 tamen
342 812 467 892 ignifero
490 810 643 890 quisquam
667 810 828 871 consistere
850 813 881 873 in
904 834 957 878 are

139 919 187 961 me
207 899 283 962 valet
304 905 436 976 excepto.
480 894 551 956 vasti
575 913 693 975 quoque
715 906 812 957 rector
835 895 963 979 Olympi,

139 984 190 1064 qui
212 984 274 1045 iera
295 980 419 1043 terribili
440 979 585 1041 iaculatur
606 980 729 1040 fulmina
750 980 860 1055 dextra,

140 1087 201 1129 non
223 1075 290 1147 agat
311 1066 366 1127 bos
386 1082 505 1126 currus:
529 1065 650 1145 etquid
672 1065 739 1126 love
761 1065 856 1127 maius
876 1064 1041 1130 habemus?

139 1153 229 1214 ardua
252 1149 345 1231 prima
367 1149 412 1211 via
434 1160 477 1212 est
498 1158 529 1212 et
550 1168 608 1231 qna
630 1151 675 1212 vix
697 1169 783 1213 mane
805 1162 940 1213 recentes

140 1236 294 1297 enituntur
315 1234 401 1316 equi;
423 1235 519 1297 medio
542 1244 587 1297 est
607 1235 744 1299 altissima
766 1236 865 1312 caelo;

139 1319 218 1381 unde
239 1337 320 1382 mare
341 1331 370 1382 et
392 1329 484 1383 terras
505 1321 561 1403 ipsi
585 1322 657 1383 mibi
678 1341 765 1403 saepe
786 1323 885 1384 videre

140 1406 173 1466 tlt
194 1404 282 1467 timor
304 1413 334 1467 et
354 1406 456 1488 pavida
477 1407 605 1488 trepidat
626 1408 783 1469 tormidine
804 1417 926 1488 pectus;

139 1489 241 1552 ultima
262 1508 356 1572 prona
379 1491 422 1553 via
445 1500 539 1553 estet
560 1503 626 1571 eget
648 1493 846 1554 moderamine
867 1502 965 1567 certo;

141 1585 213 1636 tunc
233 1576 319 1638 etiam
342 1594 418 1656 quae
439 1593 486 1637 me
508 1576 647 1638 subiectis
669 1577 777 1657 excipit
798 1576 896 1652 undis,

142 1679 179 1721 ne
201 1661 278 1722 seror
300 1661 329 1721 in
353 1679 505 1741 praeceps,
527 1660 637 1741 Tethys
658 1661 732 1722 solet
753 1661 817 1741 ipsa
838 1662 948 1723 vereri.-

139 1745 214 1806 adde
236 1746 315 1826 quod
337 1745 456 1807 adsidua
478 1746 591 1825 rapitur
612 1746 754 1824 vertigine
781 1746 894 1807 caelum

140 1829 295 1910 sideraque
316 1829 373 1890 alta
395 1829 481 1890 trabit
504 1829 652 1910 celerique
673 1829 821 1891 volumine
843 1839 971 1910 torquet.

141 1914 221 1975 nitor
242 1914 273 1975 in
295 1913 458 1986 adversum,
481 1931 615 1987 norme,
639 1914 688 1995 qui
715 1922 822 1987 cetera,
844 1914 936 1976 vincit

140 1999 278 2078 impetus,
300 2006 329 2059 et
349 1997 450 2078 rapido
474 1998 639 2060 contrarius
660 2001 767 2060 evehor
789 1997 864 2060 orbi.

140 2084 219 2163 linge
241 2082 324 2145 datos
346 2101 467 2145 currus:
490 2083 560 2164 quid
582 2081 674 2163 ages‘l
695 2083 845 2164 poterisne
867 2083 969 2145 rotatis

140 2167 244 2230 obvius
265 2168 308 2229 ire
330 2168 416 2249 polis,
438 2187 476 2230 ne
498 2179 527 2230 te
550 2169 625 2230 citus
646 2171 757 2229 auferat
779 2164 863 2230 arisi

142 2253 264 2315 iorsitan
288 2263 317 2314 et
331 2253 415 2313 lucos
437 2252 496 2315 illic
513 2253 661 2335 urbesque
682 2254 805 2314 deorum

141 2338 292 2419 concipias
313 2338 411 2399 animo
434 2338 613 2418 delubraque
629 2339 698 2399 ditia
717 2338 805 2399 donis

141 2420 228 2485 esse?
250 2442 304 2505 per
325 2422 446 2484 insidias
468 2424 524 2486 iter
545 2434 589 2485 est
610 2425 777 2502 formasque
800 2423 938 2484 terarum.

142 2518 234 2590 utque
256 2508 331 2570 viam
353 2516 453 2570 teneas
477 2508 617 2588 nulloque
640 2527 739 2570 errore
767 2507 901 2582 traharis,

141 2614 195 2674 per
216 2604 313 2655 tamen
335 2593 447 2655 adversi
469 2594 608 2673 gradieris
630 2611 740 2655 cornua
763 2593 838 2654 tauri

142 2679 379 2760 Haemoniosque
401 2697 486 2741 arcus
507 2678 685 2759 violentique
707 2697 757 2739 ora
779 2676 874 2738 leonis

143 2782 284 2845 saevaque
306 2763 433 2826 circuitu
454 2773 621 2826 curvantem
644 2762 780 2824 bracchia
802 2762 892 2840 longo

142 2848 281 2929 scorpion
303 2857 391 2929 atque
413 2848 496 2910 aliter
515 2858 685 2911 curvantem
708 2847 842 2909 bracchia
868 2862 1018 2907 cancrum.

143 2952 199 2994 nec
221 2932 272 2994 tibi
295 2933 498 3014 quadrupedes
516 2934 665 2995 animosos
686 2932 806 3012 ignibus
827 2931 909 3006 iltis„

142 3037 217 3099 quos
239 3018 268 3079 in
292 3027 412 3099 pectore
433 3017 550 3093 babent,
572 3037 647 3099 quos
670 3038 721 3080 ore
744 3027 772 3079 et
795 3015 914 3078 naribus
936 3013 1047 3087 efflant,

143 3103 173 3165 in
197 3111 336 3185 promptu
358 3121 461 3182 regere
481 3111 542 3164 est:
564 3105 610 3165 vir
632 3122 679 3165 me
701 3103 867 3185 patiuntur,
888 3099 940 3162 ubi
963 3115 1045 3160 acres

144 3188 291 3251 incaluere
312 3187 414 3261 animi,
435 3185 589 3268 cervixque
610 3199 755 3269 repugnat
778 3185 911 3248 habenis.

142 3283 171 3336 at
194 3282 237 3349 tu,
258 3271 370 3334 lunesti
392 3291 430 3334 ne
451 3271 505 3334 sim
527 3272 581 3334 tibi
603 3273 735 3334 muneris
760 3281 874 3347 auctor,

151 3387 155 3392 ·
211 3387 452 3482 disconveniunt).
502 3425 533 3475 bl
553 3422 592 3474 las
609 3422 643 3474 sit
662 3421 706 3473 bl²
722 3424 777 3473 tr.
812 3413 928 3488 possiti.
980 3413 1126 3482 unagein
1156 3419 1216 3481 agat

143 3498 231 3548 Heius.
269 3489 375 3563 quodbl
427 3493 459 3545 64
477 3491 605 3542 enitantur
615 3491 723 3555 Seneca,
735 3491 824 3540 Heius.
860 3483 978 3539 mediati
1031 3486 1065 3536 ab
1084 3481 1217 3534 litliee'ne.

143 3565 176 3617 sit
192 3562 219 3615 Μ
237 3563 337 3616 Seneca
372 3555 472 3628 Sfitl
506 3557 615 3626 trepidet
632 3559 654 3610 Α
672 3560 772 3611 Seneca
829 3559 861 3612 bl
883 3552 1056 3607 moderamine
1074 3548 1100 3602 Μ
1127 3553 1181 3670 tel.
1193 3566 1217 3670 ao

143 3699 213 3752 m.3
280 3699 313 3752 69
331 3695 448 3749 tuetur
499 3694 566 3763 ipsa]
584 3693 635 3746 ima
652 3694 752 3747 Seneca
822 3693 855 3744 '12
873 3705 921 3742 nee
937 3687 964 3740 Μ
999 3683 1086 3755 nelli.
1137 3686 1218 3738 vincit

143 3766 169 3819 Μ
221 3769 254 3820 'il
272 3764 350 3833 finge]
368 3765 446 3832 iunge
463 3763 564 3852 Seaqca
607 3762 676 3830 qnod
696 3760 722 3813 Μ
731 3763 740 3795 ¹
775 3758 837 3828 quid
857 3757 901 3809 Μ’
952 3759 985 3810 'ib
1004 3770 1052 3809 nee
1069 3749 1131 3808 tel
1184 3756 1217 3809 82

121 3899 275 3963 *circussffllu
290 3897 322 3949 M
377 3903 411 3955 81
429 3865 602 3970 quadripedes
619 3896 645 3950 Μ
