2692 4230
127 139 188 201 ant
489 98 493 105 ’
535 190 541 201 .
581 145 736 200 mrruu

127 315 210 378 unxit
231 326 260 379 et
281 318 425 381 ambrosia
447 333 516 378 oum
538 313 617 375 duloi
639 323 758 376 nectare
778 318 868 382 mixta

128 401 253 482 contigit
274 421 308 465 os
330 403 456 482 fecitque
477 399 576 460 deum.
621 415 709 476 quem
730 398 816 461 turba
836 402 951 473 Quirini

128 496 279 568 nuncupat
299 486 460 564 indigetem
483 479 654 561 temploque
675 482 792 562 arisque
812 489 934 568 recepit.

211 571 283 633 lnde
305 570 359 632 sub
382 564 498 628 Ascanii
521 564 640 626 dicione
661 564 822 628 binominis
843 569 915 635 ttba

127 675 232 736 resque
253 654 356 716 htina
379 650 442 712 tuit.
486 649 618 712 succedit
638 649 746 711 Silvius
767 650 819 712 illi.

128 759 187 821 quo
209 749 288 801 satus
309 734 431 814 antiquo
454 734 550 796 tenuit
570 735 696 815 repetita
718 733 841 797 Latinos

129 824 247 885 nomina
269 838 336 881 oum
358 829 484 899 seeptro.
529 818 628 881 clarus
649 819 729 895 subit
749 818 822 881 Alba
845 820 991 883 Latinum.

129 909 242 988 Epytus
264 923 298 965 ex
320 902 369 964 illo
393 914 445 964 est.
489 913 558 984 post
580 906 661 967 bunc
683 904 868 985 Capetusque
890 903 1053 988 Capysque

129 992 179 1054 sed
202 991 295 1069 Capys
317 997 384 1048 ante
407 987 470 1050 tuit
513 1005 639 1067 regnum
661 988 818 1050 Tiberinus
839 990 876 1051 ab
898 988 956 1050 illis

130 1075 206 1154 cepit
228 1083 257 1134 et
278 1072 308 1133 in
330 1071 418 1133 Tusci
440 1073 593 1134 demersus
614 1074 746 1136 fluminis
766 1072 854 1136 undis

130 1158 249 1220 nomina
271 1156 340 1217 iecit
361 1175 462 1237 aquae.
505 1157 624 1237 dequo
647 1157 847 1240 Remulusque
868 1158 1009 1239 feroxque

130 1247 236 1303 Acrota
258 1250 328 1303 sunt
349 1241 449 1320 geniti.
492 1239 635 1304 Remulus
656 1244 798 1307 maturior
817 1243 905 1305 annis

130 1326 269 1387 iulmineo
292 1326 387 1407 periit,
409 1326 540 1388 imitator
562 1327 706 1402 fulminis,
726 1328 799 1391 ictu.

130 1412 217 1472 fratre
239 1429 292 1472 suo
314 1420 463 1492 sceptrum
483 1412 666 1475 moderatior
686 1415 794 1476 torota
815 1413 883 1475 lorti

130 1495 217 1557 tradit
237 1495 390 1557 Aventino.
436 1497 495 1576 qui,
518 1516 578 1577 quo
601 1506 747 1576 regnarat,
770 1498 873 1560 eodem

128 1590 230 1642 monte
251 1580 325 1642 iacet
345 1581 459 1661 positus
479 1580 642 1660 tribuitque
662 1580 803 1643 vocabula
824 1583 928 1644 monti.

130 1665 245 1746 iamque
267 1663 413 1726 Palatinae
434 1681 578 1725 summam
600 1663 694 1725 Proca
716 1665 814 1742 gentis
836 1665 970 1728 habebat.

131 1769 199 1828 rege
220 1748 274 1810 sub
296 1751 353 1809 boc
374 1747 506 1809 Pomona
528 1747 594 1822 tuit,
617 1767 674 1829 qna
697 1747 777 1810 nulla
799 1747 918 1811 Latinas

131 1834 207 1895 inter
228 1832 433 1912 hamadryadas
454 1831 548 1894 coluit
570 1831 719 1896 sollertius
732 1834 845 1896 bortos

132 1936 187 1979 nec
210 1917 263 1978 luit
284 1917 400 1992 arborei
421 1916 583 1979 studiosior
604 1917 694 1981 altera
718 1919 815 1980 tetus.-

131 2002 209 2064 unde
230 2012 310 2063 tenet
331 2019 450 2063 nomen.
495 2020 556 2063 non
579 2001 666 2064 silves
687 2001 736 2064 illa
759 2021 814 2065 nec
835 2021 946 2077 amnes,

130 2105 182 2149 rus
203 2096 278 2148 amat
301 2095 330 2147 et
351 2104 446 2147 mmos
460 2086 557 2148 felicia
579 2103 667 2167 poma
689 2087 827 2149 terentes.

132 2190 187 2234 uec
209 2170 302 2232 iaculo
324 2171 493 2249 gravissu,
516 2169 568 2232 sad
588 2171 703 2232 adunca
725 2171 842 2232 dextera
865 2170 949 2244 falce,

133 2274 189 2336 qua
210 2256 297 2316 modo
320 2254 464 2316 luxuriem
487 2255 595 2335 premit
616 2266 648 2316 et
667 2255 821 2336 spatiantia
845 2255 954 2336 passim

132 2340 265 2401 braoobia
287 2341 447 2420 conpescit,
470 2340 539 2401 fisso
562 2340 651 2401 modo
674 2340 785 2402 cortice
806 2339 919 2418 lignum
1155 2347 1213 2408 666,

132 2425 234 2486 inserit
256 2435 285 2485 et
306 2442 392 2486 sucos
414 2423 510 2485 alieno
534 2433 662 2505 praestat
682 2424 812 2486 alumno.

135 2527 190 2571 nec
211 2509 320 2570 sentire
342 2509 418 2570 sitim
441 2507 552 2589 patitur
574 2508 752 2590 bibulaeque
772 2528 908 2572 recurras

134 2594 238 2655 radicis
259 2593 347 2654 flbras
369 2592 536 2655 labentibus
557 2594 666 2673 inrigat
687 2594 784 2656 undis.

133 2677 181 2740 bio
203 2696 293 2749 amor,
315 2679 372 2739 boc
393 2677 536 2740 studium:
560 2677 683 2740 Veneris
705 2697 824 2759 quoque
845 2677 925 2739 nulla
947 2677 1055 2758 cupido
1078 2685 1133 2738 est.

133 2763 190 2823 rim
213 2773 307 2824 tameo
330 2772 476 2841 agrestum
497 2773 635 2824 metuens
656 2763 787 2844 pomeria
809 2761 918 2824 claudit
1155 2769 1202 2820 oto

132 2847 213 2908 intus
235 2858 263 2908 et
284 2864 420 2908 accessus
440 2846 580 2927 probibet
601 2848 771 2928 refugitque
789 2846 896 2909 viriles.

135 2932 205 3012 quid
228 2950 288 2993 uon
312 2942 339 2992 et
362 2930 466 3010 Satyri,
487 2930 642 2994 saltatibus
663 2943 729 3013 apta
752 2931 896 3004 iuventus,

134 3017 229 3078 iecere
251 3026 279 3077 et
302 3015 374 3095 pinu
398 3015 557 3096 praecincti
579 3034 691 3079 minua
712 3015 807 3080 Penes

135 3100 335 3180 Silvanusque,
357 3100 417 3161 suis
438 3118 556 3182 semper
578 3100 735 3163 iuvenilior
756 3101 853 3175 annis,

202 3253 250 3303 606
268 3248 335 3300 dulci
347 3251 438 3301 cumb
491 3252 541 3302 609
559 3249 745 3350 innoptinisbl
796 3254 846 3304 tto
864 3265 931 3317 resq:
949 3248 996 3300 tuit
1009 3247 1060 3299 nati
1077 3245 1136 3310 (tuit
1147 3247 1201 3298 nati

135 3388 204 3464 t.r.;
222 3401 237 3436 n
255 3401 290 3435 ee
307 3383 383 3463 stibi
452 3316 671 3467 bllllllffige
738 3342 805 3437 Alba
822 3384 1036 3467 earul’olitt'anus
1101 3383 1201 3433 eoeeA

135 3452 228 3572 popum
245 3451 425 3587 cmpsppreopp
442 3451 512 3569 Aer.
528 3451 734 3574 glacialia
754 3448 1202 3597 mstiellh'ffp'a‘ffiifftrgxyrmssiJmmffi

135 3586 214 3640 Proca
241 3603 289 3639 em,
310 3586 463 3654 [laugerius
537 3602 636 3640 summe
659 3587 762 3641 locari
840 3589 888 3641 ott
914 3585 1047 3650 omatllttstl
1069 3599 1152 3637 ramos
1176 3582 1202 3636 ll

136 3713 211 3764 arunt
229 3720 311 3756 mneos
329 3706 345 3755 lr
401 3708 450 3758 629
463 3705 567 3772 passim]
581 3705 707 3758 contrabi
758 3683 954 3773 otoltgnb'mlt
1000 3705 1097 3771 virgum
1114 3703 1204 3756 limae.

136 3775 183 3825 631
202 3773 337 3839 praebete
388 3774 435 3825 63²
449 3772 631 3891 repppnarrsbl
684 3772 994 3827 retransmittat!
1044 3773 1092 3826 6δῖ
1109 3773 1204 3840 satyris

125 3907 317 3962 iactantibusC
369 3909 419 3964 6³9
437 3906 592 3980 Silcuusque
610 3906 636 3961 bl
