2692 4230
130 128 215 167 urnis.
245 128 350 167 nestoris
567 109 609 176 xl,
629 111 771 164 tta-too.

128 285 182 348 sed
204 285 294 348 trahit
315 286 346 348 in
368 283 496 366 spatium
517 279 652 361 villisque
673 279 840 344 albentibus
861 280 955 360 inplet

132 369 345 451 instabilesque
366 370 440 429 imas
462 364 532 428 lacit
554 374 585 429 et
606 366 655 429 dat
676 387 764 450 posse
785 365 905 429 moseri.

129 466 231 518 cetera
252 464 324 516 sunt
344 450 484 526 hominis,
507 461 620 534 partem
642 452 851 517 damnatorio
873 469 962 514 unam

131 539 325 619 induiturque
347 554 433 597 aures
454 535 535 600 lente
556 537 716 618 gradientis
738 539 829 601 aselli.

217 623 271 685 llle
293 621 412 702 quidem
435 621 530 686 celare
552 623 635 704 cupit
657 623 797 705 turpique
818 624 932 704 pudore

131 719 266 791 tempora
289 705 450 786 purpureis
471 717 596 789 temptat
617 706 712 768 velare
734 707 823 768 tiaris.

128 795 182 856 sed
205 791 310 853 solitus
333 790 439 871 longos
461 793 540 854 ferro
563 809 696 854 resecare
718 790 841 871 capillos

130 879 240 940 viderat
262 877 322 937 hoc
344 877 480 939 famulus.
525 876 575 957 qui
599 893 667 937 oum
689 892 745 936 nec
766 875 891 955 prodere
913 873 1006 935 visum

131 961 259 1024 dedecus
282 962 412 1036 auderet,
435 961 560 1042 cupiens
582 959 686 1021 efferre
707 958 762 1020 sub
784 977 879 1034 auras,

132 1064 188 1108 nec
210 1057 311 1126 posset
332 1047 457 1109 reticere
479 1055 588 1119 nmen,
610 1042 720 1106 secedit
741 1045 923 1125 humumque

129 1130 233 1192 effodit
255 1143 293 1207 et,
315 1130 429 1193 domini
451 1128 553 1210 quales
574 1129 741 1211 adspexerit
763 1148 858 1204 aures,

130 1233 202 1278 voce
223 1218 315 1279 refert
336 1233 425 1297 parva
446 1225 601 1296 terraeque
622 1214 818 1277 inmurmurat
839 1217 959 1278 haustae

131 1301 333 1382 indiciumque
355 1319 427 1362 suae
448 1301 530 1362 vocis
552 1299 658 1362 tellure
677 1308 792 1378 regesta

130 1385 230 1448 obruit
252 1396 278 1448 et
304 1384 461 1447 scrobibus
483 1384 589 1446 tacitus
610 1384 733 1445 discedit
754 1383 874 1465 opertis.

131 1469 237 1532 creber
258 1469 477 1532 harundinibus
499 1466 634 1530 tremulis
656 1467 697 1529 ibi
719 1486 840 1547 surgere
861 1467 947 1529 lucus

131 1555 230 1636 coepit
251 1564 290 1627 et,
314 1563 347 1615 ut
369 1553 498 1634 primum
522 1553 612 1634 pleno
635 1552 775 1615 maturuit
796 1570 886 1627 anno,

130 1638 260 1720 prodidit
282 1637 457 1717 agricolam:
480 1638 541 1700 leni
564 1657 632 1700 nam
655 1647 753 1700 motus
774 1638 810 1700 ab
833 1646 931 1701 austro

127 1723 236 1784 obruta
259 1721 346 1784 rerba
369 1723 460 1785 refert
480 1723 654 1803 dominique
677 1723 811 1802 coarguit
830 1741 926 1785 aures.

216 1805 302 1868 Ultus
323 1806 385 1869 abit
407 1807 512 1869 Tmolo
535 1807 740 1888 liquidumque
761 1826 816 1888 per
836 1816 903 1869 aera
924 1813 1024 1868 vectus

129 1899 288 1971 angustum
311 1892 386 1954 citra
408 1902 536 1974 pontum
558 1891 756 1974 Nepheletdos
776 1890 876 1954 Hebes

130 1976 357 2039 Laomedonteis
379 1977 505 2040 Latoius
521 1979 634 2042 adstitit
655 1977 741 2040 arvis.

130 2063 247 2123 dextera
271 2061 367 2141 Sigei,
390 2061 514 2124 Rhoetei
534 2062 614 2125 laera
637 2062 777 2144 prolundi

129 2165 178 2208 ara
202 2146 412 2229 Panomphaeo
434 2157 518 2208 vetus
541 2155 586 2210 est
606 2155 716 2209 sacrata
739 2144 877 2207 Tonanti.

130 2232 200 2293 inde
223 2250 315 2293 norae
337 2232 467 2312 primurn
489 2232 587 2294 moliri
609 2231 727 2295 moenia
748 2229 853 2293 'l'roiae

129 2315 332 2378 Laomedonta
354 2317 431 2378 videt
453 2327 651 2399 susceptaque
672 2334 777 2396 magna
799 2314 899 2376 labore

130 2420 263 2462 crescere
286 2401 397 2463 dillicili
421 2420 476 2463 nec
499 2421 572 2483 opes
594 2420 755 2485 exposcere
776 2418 888 2482 parvas,

130 2504 260 2566 cumque
282 2486 475 2565 tridentigero
497 2487 603 2549 tumidi
626 2487 760 2568 genitore
783 2483 922 2568 profundi

130 2570 284 2632 mortalem
307 2571 441 2633 induitur
463 2572 588 2634 sormam
611 2572 813 2652 Phrygiaeque
835 2581 961 2650 tyranno

129 2656 263 2717 aedificat
285 2675 397 2731 muros,
421 2666 525 2740 pactus
547 2676 602 2739 pro
624 2656 781 2719 moenibus
802 2673 917 2717 aurum.

130 2741 225 2802 stabat
248 2760 342 2822 opus:
365 2743 493 2823 pretium
516 2760 567 2804 rex
590 2743 739 2804 inficiatur
760 2751 788 2801 et
809 2740 899 2814 addit,

127 2826 270 2929 perfidiae
293 2827 457 2898 cumulum,
479 2826 558 2889 falsis
581 2827 710 2909 periuria
732 2825 837 2887 verbis.

143 2930 204 2972 non
227 2911 342 2990 inpune
363 2903 456 2972 feres'
481 2921 580 2974 rector
601 2912 690 2973 maris
711 2911 822 2991 inquit;
846 2920 873 2972 et
897 2927 1000 2971 omnes

131 2996 283 3057 inclinavit
304 3014 395 3076 aquas
417 2997 452 3058 ad
476 3015 577 3059 avarae
599 2996 684 3059 litora
706 2996 811 3058 Troiae

131 3081 222 3161 inque
246 3082 312 3142 freti
335 3083 460 3142 sormam
483 3092 576 3144 terras
599 3082 756 3164 complevit
777 3099 908 3161 opesque

129 3200 336 3208 -Μ

203 3250 250 3298 116
269 3245 442 3314 uuillisquel.
506 3249 655 3302 ardentibus
672 3248 697 3301 111
765 3252 809 3301 tlt
830 3248 904 3310 imas]
923 3246 1012 3301 illasc
1074 3245 1121 3296 tso
1140 3241 1208 3294 celat

131 3316 250 3381 turpique
269 3323 374 3367 onerata
394 3316 491 3382 pudore
509 3319 598 3370 Helm.
668 3317 786 3384 turpique
810 3316 916 3366 videtur
934 3317 1088 3378 corruptum
1161 3313 1207 3364 185

96 3384 253 3449 =possith
325 3391 413 3450 posset
432 3385 562 3437 editiones
634 3389 679 3438 tet
700 3386 806 3451 parrallr‘
825 3383 850 3434 ht
922 3385 969 3434 tes
992 3381 1064 3432 vocis
1085 3396 1155 3431 corr.
1174 3396 1209 3430 ex

129 3449 224 3501 vetent
280 3453 328 3502 tet
347 3453 459 3516 agricola
478 3453 503 3504 ht
560 3458 606 3507 199
626 3453 774 3505 coercuitC
830 3454 876 3504 194
895 3448 1022 3502 voltusbl
1075 3447 1210 3512 1111110111Ιί-

130 3517 237 3584 quidum
255 3516 280 3568 Μ
352 3536 401 3586 que
420 3522 508 3573 om.C
581 3525 627 3574 195
650 3516 847 3587 neplreleidesi
918 3520 965 3570 196
989 3515 1209 3569 laodomedonteis

129 3584 226 3636 latoius
238 3585 262 3636 lll
317 3586 437 3638 latoosi
492 3592 538 3642 199
557 3588 714 3658 panopeoll
767 3603 883 3655 panapeo
901 3583 916 3637 i
934 3583 1210 3652 combaptttegtos

130 3720 426 3802 corriperentur
495 3728 546 3779 ooo
564 3668 727 3780 reperirint·
745 3723 770 3776 tt
837 3726 886 3777 aot
905 3718 1095 3801 tuoenrtterot
1158 3722 1208 3773 noo

129 3787 310 3858 phrtguquei
374 3793 558 3862 phrigioquea
628 3797 678 3847 tot
696 3793 865 3849 aedificante
929 3786 1029 3858 parnt
1092 3796 1210 3859 pacto-

130 3873 224 3910 aoroe
277 3861 327 3912 199
346 3863 508 3919 convertite

183 3949 264 4000 Ovid,
280 3951 368 3996 lteram.
975 3948 1006 3997 16
