2692 4230
14 134 76 197 ³54
440 170 443 175 Δ
468 142 623 199 mamni.
649 173 653 179 -

13 313 70 377 iata
92 314 135 378 tui
156 316 282 397 generis
325 315 384 395 legi
405 314 471 396 ipse
492 313 651 396 animoque
673 319 771 383 notari
839 372 842 377 .

13 408 43 462 et
62 399 197 478 nietam,
218 418 258 463 ne
278 400 319 463 sia
341 399 628 478 etiamnum'ignara
649 399 790 465 futuri-⁴·
810 422 823 429 ·’
852 426 854 433 ·

10 483 60 548 hic
80 503 134 549 sua
155 483 313 566 conplevit,
334 499 390 563 pro
413 500 484 564 quo,
506 481 661 564 Cytherea,
683 484 809 565 laboras,
862 522 865 528 ,

12 578 153 653 tempora,
174 566 322 651 perfectis,
343 584 420 648 quos
441 577 539 630 terrae
559 566 671 644 debuit,
691 572 788 634 annis.

11 662 45 717 ut
65 655 138 718 deus
157 651 277 715 accedat
298 650 379 712 caelo
401 651 582 734 templisque
602 652 727 730 colatur,
830 676 843 699 -’

9 749 42 802 tu
64 739 153 801 iacies
175 743 320 815 natusque
342 754 431 798 suusz
454 737 505 818 qui
527 738 658 800 nominis
680 739 768 801 heres

9 822 169 904 inpositum
192 820 266 882 ieret
287 839 366 884 unus
388 840 466 885 onus
487 823 625 904 caesique
646 823 778 906 parentis
862 840 863 845 ¹

11 926 67 970 nos
87 906 117 967 in
140 902 217 966 betta
238 922 308 968 suos
328 906 511 970 fortissimus
532 908 761 972 ultorbabebit.
779 917 802 927 '·

11 991 90 1054 iilius
110 988 249 1069 auspiciis
271 989 408 1054 obsessae
430 993 548 1055 moenia
561 1001 672 1074 'pacem
686 1024 698 1033 2
743 1005 767 1037 ιῑ·

8 1075 83 1137 victa
104 1084 206 1155 petent
226 1074 367 1151 Mutinae,
387 1075 537 1139 Pharsalia
558 1077 667 1139 sentiet
688 1076 772 1139 iilum

9 1157 201 1239 Emathiaque
222 1159 330 1221 iterum
352 1160 511 1221 madefient
532 1161 621 1222 caede
642 1160 783 1242 Philippi,

9 1250 38 1304 et
58 1259 197 1322 magnum
220 1242 328 1305 Siculis
349 1261 459 1306 nomen
480 1243 670 1325 superabitur
692 1245 790 1321 undis,
834 1270 837 1275 ·

8 1326 193 1408 Romanique
213 1327 297 1389 ducis
317 1327 448 1398 coniunx
470 1329 613 1411 Aegyptia
635 1328 736 1392 taedae
759 1362 760 1366 =
834 1360 847 1369 „

8 1429 69 1474 non
91 1411 167 1473 bene
188 1411 240 1474 baa
262 1411 362 1474 cadeta
385 1414 554 1496 frustraque
575 1414 632 1476 erit
652 1412 701 1476 ilia
722 1413 843 1489 minata,

8 1496 148 1558 servitura
169 1514 223 1558 suo
246 1495 389 1578 Capitolia
411 1507 513 1561 nostra
539 1498 671 1580 Canopo.
768 1529 772 1540 ‚

8 1581 77 1663 quid
98 1580 151 1643 tibi
173 1580 347 1657 barbariam,
368 1592 474 1663 gentes
494 1583 532 1644 ab
553 1591 682 1665 utroque
702 1583 832 1646 iacentes
861 1610 863 1617 ·

11 1683 121 1729 oceano
143 1663 318 1728 numerem?
340 1667 549 1747 quodcumque
571 1666 731 1729 habitabile
751 1668 840 1730 tellus
871 1710 873 1714 ,

8 1751 142 1825 sustinet,
164 1750 252 1811 huius
272 1749 345 1811 erit:
368 1761 480 1832 pontus
502 1769 623 1832 quoque
644 1751 750 1813 serviet
770 1752 824 1814 illi.

7 1852 80 1917 paee
102 1833 166 1896 data
187 1833 274 1897 terris
294 1834 427 1897 animum
447 1837 483 1898 ad
506 1835 601 1898 civilia
622 1844 716 1899 vertet
760 1856 762 1860 ⁴

6 1918 71 1982 iura
92 1937 178 1981 suum
200 1918 340 2000 legesque
363 1921 637 1983 ieret‘iustissimus
658 1929 762 1984 auctor

7 2003 200 2084 exemploque
221 2022 275 2065 suo
297 2021 395 2066 mores
415 2014 500 2084 reget
521 2006 613 2086 inque
633 2005 725 2068 futuri
767 2038 779 2047 ··

6 2088 148 2170 temporis
168 2095 293 2150 aetatem
314 2097 567 2172 venturorumque
588 2100 732 2172 nepotum

6 2172 192 2320 iiiiii
212 2171 660 2340 tittqttttttttt
678 2184 810 2321 titt

7 2361 63 2404 nec
84 2342 140 2403 nisi
162 2360 230 2404 cum
251 2342 351 2404 senior
371 2342 470 2425 Pylios
492 2343 661 2425 aequaverit
681 2361 786 2420 annos,

7 2425 149 2489 aetherias
170 2428 254 2489 sedes
275 2436 460 2509 cognataque
481 2428 577 2491 sidera
599 2437 709 2509 tanget.

4 2512 81 2574 banc
101 2511 229 2573 animam
250 2512 363 2575 interea
387 2531 473 2575 caeso
494 2514 533 2575 de
552 2531 680 2595 corpore
701 2522 814 2594 raptam

1 2597 50 2658 iac
71 2595 165 2671 iubar,
187 2606 221 2657 ut
241 2614 359 2679 semper
380 2597 523 2680 Capitolia
546 2607 647 2660 nostra
666 2598 825 2679 forumque

4 2681 87 2743 divus
108 2679 144 2743 ab
167 2679 280 2743 excelsa
302 2692 473 2764 prospectet
493 2683 588 2745 lulius
608 2677 698 2744 aede?

87 2764 140 2827 Vix
162 2784 196 2827 ea
217 2765 294 2828 fatus
315 2775 386 2841 erat,
407 2766 504 2828 media
526 2785 594 2829 cum
616 2768 686 2828 sede
709 2775 830 2828 senatus

4 2849 137 2912 constitit
157 2850 231 2912 alma
253 2849 363 2924 Venus,
385 2850 459 2912 nulli
481 2851 640 2925 cernenda,
662 2851 768 2931 suique

4 2933 133 2998 Caesena
155 2934 263 3015 eripuit
284 2934 425 2997 membris
446 2954 545 3017 neque
567 2935 597 2996 in
620 2945 687 2999 atra
709 2934 781 2997 solvi
1028 2943 1075 2995 tto

2 3037 87 3100 passa
108 3027 256 3081 recentem
277 3018 405 3082 animam
427 3019 604 3082 caelestibus
624 3019 725 3083 intulit
745 3016 842 3082 astris.

3 3104 131 3183 dumque
152 3102 229 3178 tulit,
251 3103 352 3165 lumen
374 3121 481 3186 capere
503 3105 766 3185 atqueiqnescere
787 3101 882 3166 ansb

6 3188 159 3271 emisitque
180 3188 258 3250 sinu.
301 3187 385 3251 Luna
407 3189 485 3252 volat
505 3188 594 3252 altius
615 3188 664 3251 iba

69 3355 119 3408 818
137 3353 356 3419 nesislneseisb
409 3357 459 3410 818
477 3355 681 3419 cottioceture
732 3355 783 3408 818
796 3352 890 3408 tuusb
936 3353 1073 3407 numinis·

2 3423 52 3477 82⁰
69 3421 236 3490 caedisquee
286 3424 335 3476 821
355 3422 430 3476 suib
482 3426 532 3478 823
549 3423 673 3476 sentiitb
725 3423 775 3478 828
792 3419 966 3474 barbarione
1011 3435 1074 3488 qen·

2 3546 92 3608 aeque
115 3540 174 3592 aaa.
191 3545 255 3592 aare
271 3540 362 3593 uam.
431 3542 481 3594 saa
503 3513 586 3605 venit
609 3539 627 3592 n
696 3541 744 3594 oet
768 3545 840 3608 geret
861 3540 878 3592 o
902 3543 968 3590 tuo
982 3537 1071 3592 maso

0 3611 50 3662 ’,38
72 3608 104 3661 de
125 3608 263 3675 virgineb
332 3610 382 3662 838
407 3623 454 3661 nee
475 3624 500 3661 n.
519 3610 587 3671 cum]
611 3623 670 3660 curn
692 3607 825 3676 patrnob
894 3605 983 3676 Pylios
1001 3610 1072 3660 coni.

10 3679 97 3743 etas„
112 3675 224 3745 Bmuay
294 3676 424 3733 enuere
492 3676 799 3744 §teneamusque
815 3675 854 3729 ed
868 3673 952 3728 mart.
1020 3676 1071 3731 818

0 3745 110 3880 ῗιᾷὴζζὴ
177 3813 225 3866 stt
244 3811 327 3865 iucem
345 3812 404 3865 edri.
422 3815 486 3864 ente
503 3812 592 3864 Heius.
663 3813 713 3866 ott
731 3810 788 3865 dou
806 3812 895 3865 Hm.
961 3809 1072 3868 omnir

0 3886 57 3933 una
75 3877 137 3946 rob}
154 3879 229 3934 simui
248 3881 336 3936 evolat
353 3897 367 3931 e
