2692 4230
133 149 194 211 312
602 153 758 209 ΜΕΤΑΜΜ.
1042 167 1212 207 monsbarrus

132 334 168 389 ut
188 345 256 389 vero
279 328 347 408 luga
368 346 419 389 ros
440 304 457 389 a
480 334 560 387 certa
581 331 677 383 morte
699 322 824 397 reduxit,

133 411 183 473 ille
204 413 321 493 quidem
345 421 435 491 totam
457 405 664 488 gemebundus
686 405 855 472 obambulat
877 414 1000 473 Aetnam

135 507 387 579 praetemptatque
408 510 497 555 manu
520 488 607 551 silvas
629 499 661 551 et
680 489 802 563 luminis
824 493 914 558 orbus

133 582 257 664 rupibus
277 581 408 642 incursat
430 575 604 655 foedataque
624 573 762 637 bracchia
783 574 852 636 tabo
1161 585 1210 638 190

134 667 164 728 in
186 684 265 728 mare
286 661 466 745 protendens
487 668 606 738 gentem
628 666 798 722 exsecratur
819 661 956 724 dabiram

133 760 220 829 atque
241 749 299 809 ait:
323 744 407 822 „osi
431 745 497 824 quis
520 745 629 806 referat
648 743 722 807 mibi
745 761 830 805 casus
853 743 966 821 Ulixen,

133 844 183 895 aut
203 832 329 911 aliquem
352 847 369 890 e
390 829 488 904 sociis,
511 830 541 891 in
565 848 655 911 quem
676 847 741 891 mea
762 828 870 890 saeviat
891 829 943 905 ira,

134 919 243 979 viscera
264 914 349 975 cuius
371 914 464 987 edam,
486 916 573 978 cuius
593 914 720 977 virentia
741 913 843 974 dextra

133 998 262 1062 membra
284 1015 348 1059 mea
370 998 487 1074 laniem,
510 1000 596 1062 cuius
617 1000 690 1062 mibi
712 996 834 1077 sanguis
854 996 979 1059 inundet
1161 1008 1207 1059 reo

133 1094 236 1165 guttur
256 1090 286 1143 et
307 1083 370 1145 elisi
393 1085 542 1166 trepident
562 1084 619 1146 sub
640 1083 780 1147 dentibus
801 1093 898 1144 artus:

134 1185 220 1248 quam
243 1167 357 1230 nullum
379 1181 430 1231 aut
451 1169 514 1230 lere
534 1168 573 1230 sit
594 1169 735 1230 damnum
757 1166 829 1229 mibi
851 1165 927 1228 lucis
947 1167 1099 1247 ademptae
1107 1167 1135 1227 l“

132 1253 204 1314 haec
226 1261 255 1314 et
276 1252 361 1334 plura
383 1253 474 1314 lerox.
518 1270 566 1312 me
587 1252 702 1315 luridus
723 1262 849 1333 occupat
869 1253 977 1313 horror

133 1346 312 1416 spectantem
335 1336 431 1398 vultus
453 1336 613 1397 etiamnum
637 1339 726 1399 caede
747 1337 899 1400 madentes
1218 1401 1221 1406 ,

133 1422 323 1503 crudelesque
344 1440 449 1483 manus
470 1429 500 1482 et
522 1422 641 1482 inanem
664 1421 786 1483 luminis
807 1421 910 1483 orbem
1160 1427 1207 1478 200

133 1505 321 1587 membraque
342 1507 522 1568 et'bumano
545 1514 716 1574 concretam
738 1508 884 1585 sanguine
905 1505 1034 1569 barbam.

132 1609 212 1652 mors
233 1602 296 1652 erat
316 1599 386 1652 ante
407 1591 519 1662 oculos,
541 1590 697 1652 minimum
720 1599 819 1650 tamen
841 1590 890 1652 illa
913 1589 1066 1652 malorum.

134 1684 162 1737 et
183 1676 239 1737 iam
263 1693 450 1755 mensurum,
472 1674 529 1736 iam
554 1694 635 1737 nuuc
656 1691 721 1736 mea
743 1674 853 1737 viscera
875 1673 963 1736 rebar

132 1759 163 1821 in
185 1778 236 1821 sua
258 1777 440 1833 mersurum;
463 1760 616 1840 mentique
637 1758 775 1821 haerebat
797 1757 894 1841 imago

132 1843 273 1923 temporis
294 1841 382 1917 illius,
404 1861 465 1922 quo
486 1843 544 1904 ridi
566 1843 636 1906 bina
657 1861 792 1905 meorum

132 1935 179 1989 ter
200 1936 302 2006 quater
322 1928 421 2007 adfligi
443 1928 593 1989 sociorum
616 1931 746 2010 co'rpora·
764 1936 869 2000 terrae,

132 2029 199 2072 cum
221 2030 311 2092 super
331 2012 395 2093 ipse
416 2011 516 2074 iacens
537 2011 644 2073 birsuti
667 2031 750 2074 more
772 2012 868 2073 leonis

133 2095 300 2176 visceraque
321 2104 352 2158 et
372 2115 476 2159 carnes
498 2115 628 2177 cumque
648 2095 723 2158 albis
745 2115 811 2158 ossa
832 2095 970 2158 medullis

131 2181 373 2261 semianimesque
394 2191 475 2243 artus
496 2181 610 2243 aridam
632 2180 779 2243 condebat
800 2182 831 2242 in
852 2180 959 2242 alvum.

132 2283 179 2326 me
200 2274 309 2326 memor
330 2265 451 2327 invasit:
474 2266 587 2328 stabam
610 2265 675 2327 sine
697 2265 843 2345 sanguine
864 2275 1004 2338 maestus,
1159 2273 1204 2325 210

131 2350 377 2430 mandentemque
398 2351 500 2412 videns
522 2351 756 2430 eiectantemque
778 2359 917 2411 cruentas

132 2451 184 2494 ore
205 2435 293 2515 dapes
315 2445 344 2497 et
366 2435 456 2496 lrusta
478 2453 560 2496 mero
583 2434 744 2514 glomerata
766 2445 942 2505 vomentem,

131 2517 196 2580 talia
219 2520 364 2597 fingebam
385 2520 493 2581 misero
515 2520 587 2581 mibi
609 2521 667 2581 lata
689 2520 797 2601 parari.

131 2621 242 2684 perque
264 2603 327 2664 dies
348 2605 457 2666 multos
478 2604 596 2666 latitans
618 2622 799 2684 omnemque
822 2604 996 2666 tremiscens

132 2688 167 2748 ad
189 2688 353 2769 strepitum,
375 2701 561 2769 mortemque
583 2689 692 2760 timens
714 2689 900 2770 cupidusque
920 2688 1033 2762 moriri,
1158 2697 1203 2748 tto

130 2770 235 2850 glande
257 2773 362 2833 tamem
385 2772 498 2854 pellens
520 2784 550 2835 et
570 2773 660 2835 mixta
682 2773 839 2834 frondibus
861 2773 963 2846 barba,

130 2856 221 2928 solus,
243 2857 340 2938 inops,
362 2877 476 2939 exspes,
497 2857 556 2919 leto
580 2876 754 2939 poenaeque
775 2858 896 2919 relictus

132 2942 208 3004 banc
230 2940 333 3022 procul
355 2943 473 3024 adspexi
496 2942 587 3022 longo
610 2952 678 3023 post
701 2952 832 3024 tempore
856 2962 958 3004 navem

131 3026 267 3107 oravique
289 3025 388 3105 lugam
410 3037 493 3106 gestu
516 3029 552 3090 ad
575 3027 706 3108 litusque
728 3027 845 3089 cucurri

131 3119 160 3171 et
181 3111 274 3171 morit
297 3110 476 3191 Graiumque
498 3112 571 3175 ratis
592 3111 720 3174 Troiana
743 3112 863 3193 recepit.
1157 3117 1201 3169 220

200 3278 327 3330 istriae
370 3278 402 3330 ab
415 3279 505 3330 acerba
518 3294 551 3331 m.
564 3279 699 3331 remunito
748 3281 797 3333 180
809 3285 889 3331 totae
924 3276 1202 3329 tremebunduslleirrr.

132 3348 177 3399 191
197 3345 384 3414 pretendebat}
438 3348 485 3400 192
503 3345 604 3398 Ulixem
622 3344 648 3398 bl
704 3349 751 3400 199
770 3347 796 3398 in
814 3362 897 3414 quos
951 3349 997 3398 191
1016 3345 1089 3396 cuius
1106 3344 1201 3394 rit-.-

129 3413 222 3466 laniem
239 3413 321 3466 orac
374 3417 421 3466 191
439 3430 492 3481 quo
510 3414 643 3467 nullumb
698 3416 746 3467 199
763 3414 840 3466 etiam
859 3429 956 3465 nunes
1007 3416 1056 3466 200
1073 3409 1200 3464 orbumbl

129 3483 276 3534 20120οε
327 3484 386 3534 202.
398 3480 484 3534 turbt
537 3485 585 3535 201
601 3483 687 3535 onab
739 3484 789 3535 202
806 3481 975 3548 antecielops
992 3482 1102 3533 animum
1116 3487 1200 3531 tamen

129 3550 184 3617 ipra
202 3547 339 3602 dolorisbl
392 3549 447 3616 ipsa
465 3549 596 3602 dolorisb
655 3553 706 3603 203
724 3550 774 3601 iam
792 3547 901 3602 nuncbl
957 3552 1007 3602 205
1026 3549 1093 3610 bina]
1111 3547 1169 3598 vira
1186 3567 1201 3598 a

129 3619 179 3669 200
196 3615 305 3683 alligibl
356 3620 404 3670 201
424 3620 603 3686 cumlquaea
655 3621 706 3670 209
724 3617 928 3681 armiscaulllam
946 3614 1097 3679 (deseruit
1149 3617 1197 3668 211

129 3684 323 3752 madentemque
340 3683 366 3737 bl
418 3688 467 3744 212
486 3685 566 3737 inusta
585 3703 620 3736 aa
638 3684 770 3740 trustrabl
822 3685 967 3737 11001ηοι
1019 3682 1199 3735 solventemlr

129 3754 178 3806 art
195 3751 404 3872 ¹trerpensquell
464 3756 515 3806 215
538 3753 728 3822 cupiensque·
786 3751 944 3821 moriquebl
1005 3754 1055 3805 216
1073 3751 1155 3803 lamen
1173 3748 1199 3802 lt

214 3837 244 3872 ex

125 3888 176 3940 217
212 3835 332 3957 exprme
384 3891 433 3941 219
451 3891 537 3954 resto]
556 3889 692 3954 gemitui}
744 3891 794 3942 220
812 3886 1006 3956 gratumquebl
