2692 4230
139 115 246 154 colurus
265 117 328 155 inus.
361 118 470 191 cunnus¹
577 100 619 164 lv,
637 102 779 154 ooo-572.

225 276 364 337 Sidoniae
386 272 520 343 comites
543 281 686 352 quantum
706 272 833 346 valuere,
856 281 973 335 secutae

139 361 223 441 signa
248 362 367 442 pedum,
390 355 486 436 primo
510 357 606 419 videre
628 359 783 420 novissima
806 376 891 431 saxo;

140 465 196 508 uec
217 445 340 508 dubium
363 441 400 502 de
421 450 516 502 morte
537 455 625 519 ratae,
646 442 800 504 Cadmelda
823 443 927 524 palmis

138 530 316 612 deplanxere
338 526 469 596 donum,
491 527 599 590 scissae
621 545 687 590 cum
709 538 787 589 veste
810 529 942 609 capillos,

137 625 230 694 utque
253 626 358 692 parum
380 608 473 670 iustae
496 612 677 693 nimiumque
699 613 729 672 in
754 613 846 692 pelice
868 631 968 675 saevae

139 698 277 760 invidiam
301 696 397 754 locere
418 694 499 757 deae.
543 697 672 761 convicia
694 696 768 757 luno

139 802 200 844 non
224 779 291 840 tulit
314 789 343 840 et
362 769 479 842 ‘faciam
503 801 552 844 vos
573 784 651 862 ipsas
672 771 803 841 maxima'
828 780 901 842 dixit

134 861 284 928 ‘saevitiae
306 865 489 928 monimenta
511 861 610 928 meae?
656 883 704 925 res
726 865 801 926 dicta
823 877 922 928 secuta
945 876 1000 928 est.

139 968 206 1011 nam
230 967 304 1029 quae
328 951 488 1032 praecipue
510 952 605 1012 luerat
626 950 683 1028 pia,
703 941 883 1031 ‘persequar’
909 951 1006 1031 inquit

134 1027 179 1094 ‘in
203 1033 278 1096 freta
301 1030 453 1114 reginam‚’
477 1035 642 1114 saltumque
663 1034 766 1096 datura
787 1037 896 1097 moveri

137 1120 215 1180 haud
239 1138 363 1200 usquam
387 1121 484 1201 potuit
505 1118 687 1198 scopuloque
708 1121 801 1182 adfixa
823 1122 961 1183 cohaesit.

135 1204 228 1266 altera
250 1206 321 1267 dum
343 1205 430 1266 solito
453 1213 576 1284 temptat
597 1204 739 1285 plangore
760 1206 848 1266 ferire

137 1301 267 1370 pectora,
290 1299 449 1370 temptatos
469 1289 561 1350 sensit
582 1291 706 1368 riguisse
727 1291 867 1361 lacertos;

136 1375 195 1450 illa,
218 1394 325 1436 manus
347 1383 381 1435 ut
403 1374 478 1434 lorte
500 1375 661 1436 tetenderat
681 1375 712 1435 in
735 1375 822 1436 maris
844 1374 947 1447 undas,

135 1479 220 1522 saxea
244 1460 318 1521 lacta
341 1476 448 1519 manus
468 1457 500 1519 in
522 1461 638 1521 easdem
660 1459 784 1538 porrigit
805 1460 914 1532 undas;

135 1546 234 1618 huius,
255 1555 288 1604 ut
310 1552 460 1623 arreptum
482 1543 609 1605 laniabat
629 1543 736 1604 vertice
758 1543 879 1620 crinem,

134 1631 254 1691 duratos
276 1627 374 1688 subito
396 1628 504 1708 digitos
526 1630 556 1690 in
579 1629 661 1691 crine
681 1628 808 1702 videres3

134 1732 194 1795 quo
217 1731 353 1793 quaeque
374 1713 404 1774 in
427 1723 511 1793 gestu
533 1715 676 1794 deprensa
697 1723 751 1786 est
774 1713 868 1775 haesit
893 1711 923 1773 iu
953 1711 1013 1772 illo.
1093 1718 1095 1723 ’

134 1816 203 1879 pars
225 1797 359 1858 volucres
381 1797 486 1871 laclae3
509 1816 583 1878 quae
606 1817 686 1860 nunc
708 1816 827 1879 quoque
848 1797 964 1876 gurgite
985 1797 1016 1859 in
1038 1798 1089 1859 illo

131 1901 261 1963 aequora
284 1882 474 1962 destringunt
493 1883 617 1944 summis
637 1883 799 1945 Ismenides
819 1882 882 1944 alis.

218 1967 320 2029 Nescit
341 1967 524 2047 Agenorides
546 1979 642 2030 natam
664 1987 845 2049 parvumque
867 1976 1007 2048 nepotem

133 2054 273 2134 aequoris
296 2071 360 2115 esse
382 2054 469 2115 deos:
492 2052 574 2115 luctu
596 2053 731 2133 serieque
752 2056 896 2114 malorum

132 2139 227 2200 victus
250 2148 279 2198 et
302 2139 437 2210 ostentis,
459 2156 534 2218 quae
557 2137 681 2217 plurime
703 2137 823 2204 viderat.
845 2137 904 2198 exit

132 2223 270 2284 conditor
293 2221 366 2283 urbe
387 2240 450 2294 sua,
474 2231 619 2303 tamquam
642 2223 760 2284 fortuna
781 2223 926 2296 locorum,
992 2297 996 2304 ⁶

133 2326 194 2368 non
217 2326 269 2367 sua
293 2327 324 2367 se
347 2316 511 2387 premeret;
534 2306 690 2388 longisque
712 2308 863 2370 erroribus
883 2316 967 2368 actus

132 2392 260 2471 contigit
281 2392 415 2472 Illyricos
436 2393 561 2473 profuga
583 2412 650 2454 cum
672 2393 799 2472 coniuge
821 2393 905 2453 fines.

132 2479 250 2559 iamque
272 2477 355 2538 malis
377 2478 524 2558 annisque
545 2497 656 2557 graves,
678 2479 747 2540 dum
771 2477 865 2558 prima
886 2485 1049 2538 retractant

131 2564 189 2624 lata
211 2563 318 2623 domus
340 2561 535 2642 releguntque
556 2583 626 2626 suos
647 2581 784 2624 sermone
805 2562 930 2632 labores,

128 2641 215 2710 ‘num
238 2666 321 2709 sacer
343 2647 393 2708 ille
414 2666 480 2709 mee
501 2649 640 2710 traiectus
661 2648 783 2728 cuspide
804 2640 935 2727 serpens'

130 2732 259 2795 Cadmus
281 2732 322 2793 ait
340 2725 458 2806 ‘luerat
480 2743 553 2805 lum,
576 2752 643 2795 cum
665 2733 775 2794 Sidone
798 2733 947 2814 proiectus

200 2902 250 2989 ⁵:¹⁶
269 2899 408 2951 scissis-
426 2899 559 2966 capillisr
624 2903 673 2953 551
693 2914 885 2966 prosequerere
902 2898 979 2949 codd.
999 2897 1092 2962 Gieri'g
1154 2901 1204 2951 552

131 2997 267 3102 salulllmq:
286 3034 311 3085 lll
359 3035 478 3103 saltuque
496 3035 556 3087 dato
574 3035 697 3087 removeri
716 3031 732 3085 l
750 3039 775 3084 et
790 3048 885 3097 margo
904 3031 928 3082 ll
976 3035 1034 3085 553.
1047 3035 1063 3084 4
1077 3032 1145 3085 haud
1163 3048 1204 3084 us·

130 3119 207 3170 quarn
226 3104 304 3154 solito
324 3107 432 3168 temptat
450 3103 572 3170 plangore
590 3104 664 3155 leriae
678 3104 683 3164 Ι
698 3103 777 3154 altera
796 3101 855 3153 dum
874 3101 958 3167 potuit
975 3099 1108 3167 scopuloq:
1127 3098 1205 3152 ailina

129 3172 246 3223 cohaesit
258 3170 283 3221 tl
331 3174 380 3223 555
399 3172 478 3222 sentit
495 3190 510 3227 c
556 3175 605 3224 556
624 3188 691 3236 ‘non
703 3175 767 3221 mul
777 3168 930 3221 Neroniani
939 3171 1062 3252 ’Rumff
1079 3170 1205 3219 Heinsius

130 3311 179 3360 557
199 3310 229 3355 in
246 3321 333 3369 marg.
352 3302 381 3365 l,
400 3322 450 3357 om.
461 3307 594 3358 Planardee
644 3310 694 3360 558
711 3304 875 3357 arrectumR
911 3251 1039 3372 :amia
1056 3303 1102 3355 Μ’
1154 3308 1203 3359 566

129 3370 323 3441 deprehensal
374 3376 424 3426 562
442 3372 630 3441 distringuntl
668 3373 858 3440 distinguunta
909 3373 1069 3425 mineidesc
1104 3373 1204 3425 minici-

128 3509 213 3561 desB
252 3473 392 3576 lneneydes
409 3528 434 3574 e,
453 3526 502 3562 em,
519 3510 608 3561 Helm
676 3513 726 3564 564
743 3508 813 3573 mal]
831 3505 981 3588 laboruml
1050 3511 1099 3562 565
1116 3509 1202 3562 victua

129 3576 336 3647 portentisqnel
382 3582 429 3632 567
444 3579 593 3631 erratibusa
637 3582 686 3632 568
699 3578 963 3630 illiricoseoillrncos
974 3575 1001 3626 tl
1047 3580 1097 3631 569
1111 3592 1203 3643 graves

737 3646 817 3698 llala
878 3650 1049 3712 repetuntque

127 3714 230 3782 annisq,
247 3710 356 3765 malisl
407 3713 579 3781 otolalltall
614 3711 709 3767 factal
751 3714 844 3766 laetae
878 3713 1080 3780 releguntquel)
1122 3711 1204 3766 suol

128 3780 304 3901 milwe
369 3851 418 3902 572
436 3850 564 3903 lucianae
615 3847 708 3902 tunel
760 3848 894 3901 Sidonall
929 3847 1032 3902 Sidonae
1050 3847 1095 3900 Μ’
