2692 4230
142 158 310 198 asscuuarrns
445 221 447 225 Α
569 141 624 208 XV,
642 145 787 197 ote-741.

143 313 376 398 Leucosiamque
397 313 473 395 petit
492 313 644 396 tepidique
665 315 778 378 rosaria
800 313 908 377 Paesti.

142 401 211 463 iude
233 401 305 481 legit
326 399 453 479 Capreas
474 401 777 482 promunturiumque
797 399 945 463 Mineruae

143 494 174 547 et
195 485 373 548 Surrentino
395 500 558 561 generosos
578 485 699 567 palmite
721 485 832 548 colles·

142 570 377 649 Herculeamque
398 566 503 631 urbem
526 570 701 652 Stabiasque
723 580 753 632 et
774 571 805 632 in
830 571 889 632 otia
912 579 1009 632 natam

141 655 349 734 Parthenopen
372 659 402 714 et
422 653 459 716 ab
481 656 537 718 hac
558 655 703 718 Cumaeae
724 655 834 737 templa
858 655 995 736 Sibyllae.

140 740 213 802 hinc
234 737 319 800 calidi
342 737 440 800 iontes
460 739 735 819 lentisciferumque
757 749 876 801 tenetur

140 823 294 885 Liternum
316 822 498 904 multamque
518 825 640 886 trahens
661 822 719 885 sub
741 823 859 902 gurgite
879 823 1020 885 harenam

140 908 303 969 Volturnus
325 907 476 989 niveisque
497 909 639 988 frequens
661 906 803 968 Sinuessa
826 905 973 969 columbis

140 993 367 1073 Minturnaeque
388 1009 491 1071 graves
512 1000 542 1053 et
563 1009 650 1072 quam
674 991 830 1053 tumulavit
851 990 992 1053 alumnus

139 1076 375 1159 Antiphataeque
396 1079 502 1138 domus
522 1075 711 1157 Trachasque
734 1076 855 1138 obsessa
877 1077 985 1157 palude

140 1169 171 1222 et
191 1161 278 1224 tellus
300 1162 418 1223 Circaea
441 1168 471 1224 et
492 1161 579 1243 spissi
601 1161 697 1224 litoris
713 1162 853 1224 ¹alntium.

138 1246 198 1309 huc
220 1246 271 1308 ubi
292 1245 441 1308 veliferam
462 1255 569 1309 nautae
591 1247 741 1310 advenere
763 1246 904 1320 munem,

139 1334 238 1412 (asper
259 1331 338 1391 enim
361 1331 417 1392 iam
440 1343 552 1412 pontus
574 1334 648 1408 crat)
670 1333 745 1394 deus
767 1330 894 1412 explicat
917 1330 1005 1393 orbes

138 1434 251 1497 perque
273 1415 357 1477 sinus
379 1416 500 1479 crebros
521 1426 552 1479 ct
572 1434 679 1495 magna
700 1416 849 1478 volumina
873 1414 976 1478 labens

138 1499 246 1581 templa
269 1501 401 1581 parentis
423 1501 479 1562 init
500 1501 607 1562 flavum
630 1501 781 1580 tangentia
804 1500 884 1562 litus.

137 1602 266 1667 aequore
289 1575 404 1666 placato
427 1585 537 1666 patrias
557 1585 737 1666 Epidaurius
758 1603 824 1647 aras

137 1668 247 1750 linquit
267 1678 298 1731 et
318 1669 447 1750 hospitio
469 1669 526 1732 sibi
547 1669 640 1733 iuncti
663 1669 797 1732 numinis
818 1688 891 1732 usus

136 1754 270 1817 litoream
293 1763 387 1816 tractu
410 1774 549 1836 squamae
572 1756 744 1836 crepitantis
765 1756 907 1817 harenam

137 1837 230 1900 sulcat
252 1848 282 1901 et
303 1839 422 1902 inuisus
442 1840 643 1903 moderamine
665 1841 749 1902 uaris
770 1840 802 1901 in
825 1838 882 1901 alta

137 1942 239 2004 puppe
260 1935 351 2005 caput
372 1925 481 2005 posuit,
503 1925 599 1988 donec
621 1925 817 2006 Castrumque
839 1941 996 2005 sacrasque
1091 1970 1092 1974 ,

135 2007 237 2071 Lavini
261 2009 346 2071 sedes
367 2009 567 2091 Tiberinaque
586 2010 623 2071 ad
646 2010 721 2072 ostia
741 2010 832 2072 venit.

135 2094 195 2155 huc
216 2094 313 2154 omnis
336 2094 440 2174 populi
463 2095 573 2175 passim
595 2104 784 2175 matrumque
806 2103 983 2175 patrumque

136 2177 219 2239 obvia
243 2177 327 2241 turba
349 2180 421 2253 ruit,
443 2198 578 2261 quaeque
599 2179 694 2259 ignes,
716 2179 833 2252 Troica,
855 2188 982 2252 servant,

135 2262 231 2336 Vesta,
253 2274 331 2335 tuos,
353 2262 490 2344 laetoque
511 2265 599 2326 deum
620 2264 750 2326 clamore
772 2264 910 2326 salutant.

136 2366 252 2428 quaque
274 2367 328 2429 per
349 2349 484 2410 adversas
505 2350 588 2412 naus
610 2350 668 2412 cita
690 2349 811 2412 ducitur
833 2350 939 2422 undas,

135 2440 199 2494 tura
221 2451 312 2513 super
332 2434 414 2514 ripas
434 2434 493 2494 aris
515 2452 550 2495 ex
573 2434 677 2496 ordine
699 2435 784 2496 iactis

135 2527 218 2597 parte
239 2517 275 2579 ab
300 2526 425 2597 utraque
446 2527 555 2580 sonant
576 2528 606 2581 et
626 2520 754 2580 odorant
776 2529 843 2580 aera
866 2517 972 2591 iumis'

134 2602 251 2682 ictaque
274 2604 426 2664 coniectos
447 2603 596 2665 incalfacit
617 2603 715 2664 hostia
737 2603 861 2665 cultros.

136 2687 252 2766 iamque
275 2698 364 2768 eaput
384 2706 497 2764 rerum,
519 2687 682 2750 Romanam
704 2688 863 2750 intraverat
885 2685 1005 2748 urbemt

135 2772 913 2940 ἓῗίῗειιῑᾙοῖίζρξὲιῗεέἒιῗὲωὲἷὲῗθοίἶὲιξιιίιᾞί011118ιαῖ118.

135 2941 279 3002 scinditur
301 2943 330 3002 in
355 2942 486 3019 geminas
508 2951 607 3023 partes
629 2943 823 3005 circumfluus
845 2943 952 3015 amnis,

133 3026 231 3088 lusula
256 3044 363 3088 nomen
388 3026 484 3100 habet,
507 3026 692 3108 laterumque
712 3047 729 3089 a
753 3039 837 3109 parte
859 3027 986 3089 duorum
1169 3034 1211 3085 tto

133 3112 259 3191 porrigit
280 3111 418 3193 aequales
438 3112 534 3174 media
556 3112 663 3174 tellure
685 3112 821 3175 lacertos.

201 3264 250 3314 108
269 3260 462 3328 leuconaqueh
519 3261 741 3330 leucoriamquea
804 3265 853 3315 toa
873 3262 957 3328 Cepn]
976 3258 1097 3312 oereaslr
1153 3275 1211 3326 pro·

134 3329 385 3395 munotoriumquer
445 3332 494 3383 111
514 3329 621 3382 stabiles
639 3331 700 3383 eth
760 3330 926 3398 labiasquee
985 3331 1034 3381 112
1053 3327 1209 3395 cytaaaaeh

133 3400 182 3450 113
200 3397 477 3464 lentiscigeruarquelr
543 3401 592 3451 111
610 3398 789 3451 Lintemurna
852 3401 902 3450 115
921 3395 1091 3448 vulturnuslr
1149 3392 1210 3462 col]

133 3547 278 3603 actubusr
341 3552 390 3601 111
410 3549 596 3618 thracasqueh
655 3556 819 3619 necesquea
881 3552 931 3603 118
950 3482 1211 3628 εῆἱῗτοιωϊηιαῗε

132 3615 551 3684 antrumhem.ilopl„1iegiau
620 3621 669 3672 123
688 3627 780 3688 pacato
799 3619 889 3670 Heius.
961 3620 1011 3670 124
1030 3620 1109 3667 iuncta
1128 3615 1209 3667 sabra

132 3686 181 3736 126
205 3684 341 3736 innixuse
410 3688 460 3738 128
483 3686 630 3739 lariniase
700 3690 750 3740 129
769 3686 853 3739 omnis
877 3689 910 3738 ct.
930 3687 1017 3737 Heius.
1087 3698 1210 3740 omuese

131 3754 208 3819 patu]
231 3752 412 3819 senumqurlr
482 3757 532 3807 131)
550 3756 670 3807 semath
741 3757 790 3807 131
816 3753 958 3810 aeclisiae
1027 3753 1162 3804 tau-tto
1180 3753 1209 3802 in

130 3835 217 3939 mag.
235 3820 265 3871 ε’
315 3824 367 3952 lito
380 3820 455 3873 babet
468 3837 523 3874 nora
535 3828 596 3875 crat
607 3826 636 3874 ira
653 3841 681 3889 a,
699 3841 754 3876 aooe
765 3840 839 3875 nanc
851 3840 939 3889 poene
950 3820 1064 3874 marcida
1075 3818 1141 3882 sort.
1152 3819 1212 3881 sarit

182 3903 231 3940 aas
299 3903 388 3940 aee
