2692 4230
111 147 173 211 340
473 196 475 201 .
554 155 722 211 --blETAllbh

111 327 236 390 admotis
257 327 435 392 Athamanas
454 326 540 407 aquis
560 324 721 387 accendere
742 324 856 405 lignum
897 336 902 343 '

111 421 256 488 narratur,
277 414 418 476 minimos
439 427 507 472 cum
529 406 600 470 luna
620 408 743 470 recessit
763 409 795 470 in
818 414 929 478 orbes.
1036 462 1038 469 ,

111 497 220 560 llumen
242 499 354 561 babent
375 496 511 566 Cicones,
532 492 614 573 quod
634 500 738 574 potum
759 511 844 557 saxea
865 495 961 562 reddit

109 582 231 659 viscera,
254 583 333 664 quod
355 578 442 642 tactis
464 576 580 638 inducit
599 595 744 639 marmora
765 577 865 641 rebus.
952 616 955 623 ι
999 592 1001 597 ’

110 666 225 729 Crathis
247 678 276 728 et
297 666 368 727 binc
390 660 509 741 Sybaris
531 663 641 724 nostris
661 661 865 726 conterminus
885 667 946 730 oris
1134 673 1180 726 815

111 750 220 814 electro
242 749 354 812 similes
374 745 487 808 iaciunt
507 765 639 828 auroque
659 745 790 827 capillos.

113 837 251 916 quodque
273 832 366 911 magis
387 831 493 892 mirum
516 839 571 905 est,
593 840 663 894 sunt
684 830 735 912 qui
758 849 818 893 non
840 848 965 912 corpora
987 843 1110 911 tantum,

110 938 211 981 rerum
233 917 349 979 animos
371 914 457 977 etiam
479 915 594 978 valeant
614 926 729 979 mutare
750 915 889 996 liquores.

113 1005 161 1067 cui
184 1020 243 1063 non
265 1001 363 1062 audita
386 1009 429 1061 est
450 999 597 1063 obscenae
618 1001 758 1063 Salmacis
779 1001 876 1064 undae

110 1087 329 1166 Aethiopesque
350 1082 455 1147 lacusl
477 1103 553 1166 quos
574 1087 667 1168 siquis
688 1085 822 1149 faucibus
843 1085 950 1161 bausit,

110 1180 161 1232 aut
182 1170 263 1246 furit,
289 1180 339 1233 aut
361 1170 471 1251 patitur
492 1170 599 1233 mirum
622 1172 760 1251 gravitate
781 1187 928 1252 soporem.

110 1255 231 1317 Clitorio
253 1255 435 1336 quicumque
455 1254 536 1317 sitim
551 1256 594 1318 de
616 1256 699 1320 ionte
720 1255 835 1324 levavit,

111 1339 177 1401 vina
200 1340 276 1420 lugit
297 1340 463 1419 gaudetque
484 1341 575 1403 meris
596 1341 756 1405 abstemius
777 1340 875 1414 undis,

111 1443 163 1485 seu
185 1424 229 1485 ris
251 1424 348 1486 estin
370 1443 446 1506 aqua
467 1425 562 1488 calido
585 1427 731 1489 contraria
751 1426 830 1502 vino,

109 1509 181 1583 sire,
204 1511 282 1591 quod
302 1509 460 1589 indigenae
481 1522 655 1584 memorant,
677 1512 860 1592 Amythaone
886 1521 982 1583 natus,

110 1592 261 1656 Proetidas
281 1595 422 1657 attonitas
442 1606 599 1676 postquam
621 1614 676 1676 per
696 1614 814 1658 carmen
838 1605 868 1659 et
889 1595 995 1659 herbas

111 1678 218 1760 eripuit
241 1679 336 1752 iuriis,
357 1679 532 1759 purgamina
551 1679 660 1757 mentis
680 1678 712 1739 in
734 1679 799 1740 illas
1064 1758 1066 1762 ,

110 1764 190 1824 misit
210 1781 310 1844 aquas,
332 1762 494 1843 odiumque
514 1763 588 1824 meri
609 1763 772 1844 permansit
794 1763 825 1824 in
847 1762 963 1824 undis'
1009 1807 1011 1811 ψ

6 1903 8 1907 .
110 1848 180 1910 buio
202 1847 266 1908 lluit
288 1846 395 1909 ellectu
417 1845 518 1930 dispar
538 1846 713 1927 Lyncestius
734 1847 848 1910 amnis„

109 1931 696 2098 lltldlllhhhltlhtlt
712 1931 953 2080 hiltrud

110 2112 155 2162 est
177 2100 258 2162 lacus
280 2100 429 2176 Arcadiae,
451 2101 603 2164 Pheneum
626 2101 725 2163 dixere
745 2102 870 2182 priores,

110 2185 255 2265 ambiguis
278 2195 434 2266 suspectus
454 2186 548 2266 aquis,
571 2204 644 2266 quas
666 2195 753 2247 nocte
774 2187 896 2249 timeto:

111 2280 198 2332 nocte
222 2280 329 2332 nocent
351 2280 449 2350 potae,
470 2271 535 2332 sine
557 2289 632 2333 nora
654 2269 720 2332 luce
742 2270 893 2334 bibuntur.

110 2356 155 2416 sic
176 2354 247 2416 alias
268 2353 398 2435 aliasque
420 2354 502 2417 lacus
523 2363 554 2417 et
575 2355 697 2418 flumina
718 2354 794 2416 eires

109 2439 293 2520 concipiunt.
336 2448 511 2521 tempusque
532 2440 597 2514 fuit,
619 2459 679 2521 quo
701 2440 781 2502 navit
802 2440 832 2501 in
854 2440 952 2512 undis,

111 2542 192 2586 nunc
213 2524 295 2585 sedet
317 2521 446 2604 Ortygie.
489 2524 587 2587 timuit
609 2525 802 2587 concursibus
824 2527 902 2604 Argo
958 2596 960 2600 ⁸

110 2609 254 2670 undarum
277 2627 394 2689 sparsas
415 2608 623 2691 Symplegadas
644 2610 791 2684 elisarum,

110 2711 185 2774 quae
208 2711 288 2754 nuuc
309 2694 438 2754 inmotae
459 2702 592 2776 persiam
613 2695 766 2776 ventisque
786 2692 935 2756 resistunt

110 2795 167 2839 nec
189 2795 264 2858 quae
285 2777 453 2857 sulphureis
475 2779 558 2841 ardet
578 2779 747 2841 fornacibus
769 2780 862 2840 Aetna

111 2863 195 2940 ignea
218 2862 432 2942 compererit:
456 2880 554 2944 neque
576 2863 655 2925 enim
677 2863 733 2925 luit
753 2863 839 2942 ignea
862 2881 988 2944 semper.

110 2964 177 3007 nam
200 2947 260 3007 sire
282 2955 327 3007 est
347 2945 455 3009 animal
476 2945 566 3009 tellus
587 2958 617 3011 et
637 2947 705 3009 vivit
726 2947 872 3028 habetque

110 3031 290 3111 spiramenta
311 3029 387 3093 locis
408 3032 554 3094 dammam
576 3031 738 3095 exhalantia
760 3032 869 3106 multis,

110 3114 241 3196 spirandi
264 3124 378 3177 mutare
399 3115 470 3191 rias
491 3118 688 3198 quotiensque
708 3127 853 3191 movetur,

109 3201 162 3262 bas
183 3199 268 3261 linire
290 3208 398 3279 potest,
419 3200 484 3263 illas
504 3200 619 3283 aperire
640 3220 788 3275 cavernas,
1132 3207 1177 3259 tte

177 3369 225 3421 311
245 3365 407 3418 admotumr
475 3366 651 3420 adamantish
720 3366 904 3420 athamantise
939 3368 1058 3418 conexit
1074 3364 1177 3417 Meth²

109 3434 260 3486 Athamanis
272 3433 371 3499 llegiur
416 3434 572 3487 Athamanes
587 3434 652 3488 Tun.
662 3435 753 3487 Faber
805 3436 853 3487 312
866 3431 999 3486 narrantur
1013 3431 1077 3485 Tun.
1088 3433 1178 3485 Faber

110 3503 160 3556 313
179 3502 248 3567 hine]
266 3501 427 3554 buicllee'm.
479 3502 584 3555 hon'sh
617 3504 716 3555 amisa
767 3505 815 3556 312
833 3506 961 3554 estem
1011 3504 1061 3554 319
1079 3499 1177 3555 undah

109 3573 160 3622 320
184 3569 273 3638 siquis]
300 3569 452 3638 quisquisa
521 3572 631 3639 quisque
654 3576 681 3623 ul
699 3571 799 3624 Seneca
866 3572 914 3622 321
939 3571 1005 3637 sep]
1026 3568 1177 3636 sopitumh

110 3638 160 3690 322
177 3637 309 3693 lenrite
376 3637 468 3690 levarit
492 3638 552 3690 edd.
620 3641 669 3692 323
689 3654 740 3706 que
758 3636 843 3691 caah
923 3639 973 3691 324
995 3635 1081 3689 serlus
1102 3637 1177 3690 esth

111 3707 160 3758 323
179 3703 338 3772 prethidrse
408 3705 571 3758 attonidseh
640 3708 690 3760 328
712 3722 763 3774 que
784 3706 869 3758 camb
939 3707 987 3758 329
1011 3704 1177 3758 liebestiush

109 3769 292 3826 linchestiusa
353 3772 479 3842 Lynceius
497 3773 597 3841 Seuera
660 3777 710 3828 332
728 3775 786 3838 lael
804 3774 877 3826 iocus
893 3773 981 3824 Heius.
1032 3771 1178 3840 phemonb

99 3891 252 3959 phyteuma
304 3893 354 3947 aar
373 3891 496 3961 orique
548 3895 598 3946 aro
615 3893 725 3950 erem
775 3871 957 3945 seracusam.
1008 3893 1058 3945 asa
1076 3892 1179 3947 vom
