2692 4230
98 110 159 172 128
537 161 543 171 ,
557 115 712 170 usumin.

97 285 209 349 obstitit
229 289 326 351 oiflcio
349 287 471 359 bellum,
493 282 692 363 subvectaque
714 299 805 367 ponto

97 371 219 435 barbara
241 373 412 455 Mopsopios
434 366 587 432 terrebant
607 368 724 445 agmina
745 390 854 436 muros.

98 455 251 521 Threicius
272 459 384 520 Tereus
404 456 477 516 haee
498 449 689 513 auxiliaribus
710 457 798 518 armis

99 542 213 604 suderat
234 552 264 605 et
285 542 395 603 alarum
417 535 563 597 vincendo
587 554 696 598 nomen
719 539 861 604 hahebat:

99 645 186 707 quem
208 627 263 689 sibi
286 623 419 687 Pandion
442 619 611 702 opibusque
632 622 763 703 virisque
783 636 933 704 potentem

99 722 130 773 et
150 730 244 791 genus
265 730 281 772 a
304 724 412 786 magno
435 704 592 768 dueentem
615 708 691 769 iorte
713 705 837 770 Gradivo

99 795 227 857 conubio
250 794 384 872 Prognes
407 789 511 851 iunxit.
556 810 617 853 non
640 791 776 874 pronuba
801 791 886 869 luno,

99 899 159 941 non
183 880 369 959 Hymenaeus
391 875 483 950 adest,
506 893 567 938 non
590 876 633 939 illi
655 876 752 939 Gratia
774 876 867 938 lecto:

99 964 277 1026 Eumenides
298 970 422 1022 tenuere
444 961 522 1022 lanes
545 961 581 1024 de
603 963 709 1024 iunere
729 971 836 1042 raptas,

98 1047 277 1111 Eumenides
298 1058 428 1125 stravere
449 1054 559 1121 torum,
581 1055 720 1129 tectoque
744 1047 886 1127 profanus

98 1130 235 1195 inoubuit
255 1128 334 1190 bubo
357 1129 537 1212 thalamique
559 1133 589 1194 in
613 1133 743 1195 eulmine
763 1131 846 1194 sedit.

100 1216 156 1278 hae
177 1234 228 1276 are
250 1215 403 1278 ooniunoti
418 1215 549 1297 'Progne‘
564 1216 745 1300 Tereusque,
769 1225 906 1300 parentes

100 1301 156 1361 hae
177 1319 228 1360 are
250 1311 319 1362 sunt
340 1301 420 1363 laeti.
466 1311 577 1382 grauata
600 1312 646 1364 est
666 1303 778 1365 scilieet
800 1301 858 1363 illis

100 1384 234 1458 Thracia,
257 1385 361 1467 disque
383 1387 440 1468 ipsi
463 1397 561 1466 grates
583 1406 672 1466 egere
693 1387 838 1469 diemque,

101 1487 216 1550 quaque
238 1470 302 1533 data
326 1481 371 1533 est
392 1470 471 1533 olaro
496 1472 648 1534 Pandione
672 1482 740 1534 nata
763 1485 896 1552 aymone,

100 1573 216 1636 quaque
237 1566 300 1618 erat
322 1566 406 1619 ortus
427 1555 497 1635 llys,
519 1557 626 1617 famum
650 1556 761 1617 iussere
782 1557 888 1618 vocari.

101 1641 289 1720 usqueadeo
312 1641 384 1701 latet
404 1639 524 1700 utilitas.
547 1639 605 1699 iam
628 1648 760 1719 tempora
781 1640 867 1701 Titan

93 1725 232 1806 'quinque
254 1743 307 1805 per
329 1733 488 1784 autumnos
511 1722 629 1802 repetiti
651 1723 772 1784 duxerat
793 1725 873 1798 anni,

100 1827 168 1870 eum
190 1807 317 1869 blandita
339 1808 401 1868 viro
424 1806 543 1886 Progne
561 1799 600 1868 ‘si
622 1801 728 1886 gratia'
752 1807 823 1869 dixit

97 1887 170 1953 ‘ulla
192 1910 256 1953 mea
279 1902 332 1966 est,
355 1891 400 1952 vel
422 1910 470 1953 me
492 1891 643 1953 visendam
664 1891 748 1954 mitte
770 1893 875 1966 sorori,

100 1975 145 2038 rel
168 1995 252 2039 soror
274 1978 333 2038 huo
354 1977 468 2038 reniati
491 1977 650 2038 redituram
673 1987 805 2057 tempore
826 1995 914 2058 parvo

102 2063 256 2143 promittes
276 2080 395 2123 socero:
418 2063 516 2141 magni
540 2061 612 2123 milri
634 2063 767 2123 muneris
788 2063 880 2124 instar

103 2164 269 2225 germanam
291 2147 397 2208 vidisse
419 2143 520 2222 dahis?
567 2147 650 2234 iulqet
672 2146 721 2208 ille
742 2148 856 2210 carinas

102 2232 134 2293 in
157 2233 228 2293 ireta
250 2232 354 2293 deduci
378 2232 501 2311 veloque
523 2242 552 2293 et
574 2231 687 2311 remige
708 2241 812 2313 portus

103 2315 262 2396 Cecropios
284 2317 372 2378 intrat
394 2316 555 2398 Piraeaque
577 2316 662 2378 litora
685 2316 787 2396 tangit.

103 2411 135 2462 ut
157 2401 284 2482 primum
306 2401 402 2462 soceri
425 2402 490 2463 data
512 2401 608 2482 eopia,
631 2402 748 2463 dextera
769 2402 886 2465 dextrae

103 2486 236 2565 iungitur
257 2497 286 2547 et
309 2487 404 2547 iausto
426 2487 622 2548 committitur
644 2486 743 2546 omine
764 2505 870 2548 sermo.

104 2581 240 2651 coeperat
263 2571 405 2632 adrentus
425 2590 555 2646 oarrsam,
578 2571 712 2632 mandata
735 2572 845 2634 referre

104 2656 239 2735 coniugis
260 2667 289 2716 et
311 2656 422 2717 celeres
444 2657 549 2718 missae
571 2656 719 2736 spondere
740 2675 893 2720 recursus:

102 2759 172 2802 eooe
193 2740 272 2802 venit
293 2759 400 2819 magno
423 2741 503 2802 dives
525 2739 688 2802 Philomela
710 2753 822 2822 paratu,

103 2824 220 2887 divitior
240 2826 349 2886 iorma:
372 2826 475 2905 quales
495 2825 598 2887 audire
619 2824 749 2887 solemus
799 2843 802 2848 ·

105 2911 204 2972 naidas
226 2920 255 2971 et
275 2910 398 2990 dryadas
420 2910 524 2972 mediis
546 2911 683 2972 incedere
704 2910 792 2982 silvis,

104 2994 129 3056 si
151 2995 238 3056 modo
260 2995 312 3056 des
333 2994 391 3056 illis
413 2995 511 3057 tultus
533 2994 703 3075 similesque
729 3005 855 3076 paratus.

105 3098 165 3141 non
189 3098 273 3142 seem
295 3080 403 3141 exarsit
423 3089 582 3161 conspecta
605 3080 719 3158 virgine
740 3080 860 3154 Tereus,

545 3194 556 3246 l
573 3211 621 3248 uec

1132 3091 1176 3140 m

172 3264 222 3315 422
248 3263 415 3331 subiectaque
439 3264 461 3314 Α
531 3264 698 3332 subiectaque
723 3283 737 3315 a
805 3268 855 3319 423
882 3261 975 3331 mops]
1003 3263 1133 3329 cecropios
1161 3258 1177 3313 λ

103 3333 155 3384 424
173 3331 294 3384 trahicins
310 3329 337 3381 M
398 3327 543 3382 traiciusl
611 3335 662 3385 430
681 3333 827 3386 eumenides
846 3340 949 3385 tenuere
967 3331 1036 3383 iaces
1056 3337 1176 3398 tectoque

105 3398 226 3516 ppoianns
244 3417 268 3464 a,
287 3415 355 3465 qaae
373 3400 469 3451 demna
485 3414 520 3450 rn.
537 3399 556 3452 2
573 3400 636 3452 add,
653 3405 683 3452 in
699 3417 785 3468 marg.
855 3404 901 3454 431
922 3403 952 3450 in
969 3415 1055 3464 marg.
1074 3415 1090 3449 a
1107 3414 1142 3448 m.
1159 3398 1177 3451 3

198 3469 247 3520 435
263 3465 364 3526 ¹Thrace
382 3471 414 3518 oi.
433 3467 591 3519 Lachmann
654 3484 704 3536 qne
723 3465 807 3521 orni
867 3468 969 3536 ipsisA
1021 3467 1070 3534 ipsi
1089 3466 1176 3516 Helm.

104 3536 155 3588 439
172 3535 450 3603 repetitis-annisr
486 3538 527 3598 (in
545 3555 558 3587 e
576 3540 660 3602 earn.)
720 3541 768 3591 441
788 3537 908 3590 visendae
927 3539 959 3588 oi.
978 3536 1065 3586 Heinr.
1126 3536 1177 3587 443

695 3621 761 3675 lies

105 3665 260 3756 relidiluram
272 3687 297 3740 Μ
350 3692 401 3742 443
413 3688 572 3757 promittell
607 3690 734 3758 promittit
767 3710 781 3742 a
826 3692 876 3744 446
894 3687 1079 3758 phyreaqnelll
1125 3689 1175 3740 448

101 3770 133 3842 'et
145 3790 228 3844 lausto
240 3791 378 3845 Burmann
396 3791 509 3844 inlausta
527 3792 550 3843 A
601 3777 691 3844 ordine
707 3795 738 3844 in
754 3808 840 3858 marg.
860 3775 944 3844 oririne
961 3790 1004 3842 Μι
1055 3788 1143 3842 ordine
1161 3784 1178 3839 λ

105 3861 156 3912 449
178 3857 290 3925 eansadlls
306 3856 332 3909 Μ
384 3875 505 3912 oausasa
565 3863 616 3913 454
634 3859 732 3914 desillis
749 3877 784 3913 aa
801 3860 896 3914 desilus
914 3859 939 3911 Μ
992 3857 1133 3926 similisque
1150 3854 1177 3908 Μ
