2692 4230
128 137 148 195 4
590 140 744 197 ΜΕΤΑΜΜ.

129 309 268 392 nullaque
290 311 430 374 mortales
453 322 571 394 praeter
591 329 644 372 sua
666 311 751 373 litora
774 326 889 377 norant.

129 396 261 457 nondum
285 397 461 478 praecipites
482 395 639 474 cingebant
661 395 770 476 oppida
795 397 906 462 iossaer

129 499 190 542 non
212 481 282 543 tuba
304 480 420 556 directi,
444 499 505 541 non
527 477 603 539 aeris
624 497 736 542 cornua
759 480 836 557 dexi,

129 583 190 628 non
212 565 322 645 galeae,
344 584 406 627 non
430 563 509 627 ensis
531 572 633 625 erecte
655 564 721 627 sine
742 564 843 628 militis
864 588 920 633 usu

128 651 228 713 mollia
249 668 370 713 securae
392 647 571 731 peragebant
592 649 650 711 otia
672 660 784 729 gentes.

127 737 191 818 ipsa
213 754 332 817 quoque
353 733 486 796 inmunis
507 741 661 814 rastroque
682 735 791 798 intacta
814 753 870 797 nec
891 737 960 801 uilis

128 821 226 883 saucia
248 818 416 881 vomeribus
437 834 492 898 per
512 834 544 879 se
565 818 652 881 dabat
674 822 773 882 omnia
794 819 897 897 tellus3

127 905 320 984 contentique
342 901 416 964 cibis
439 900 522 962 nullo
544 914 668 983 cogente
689 905 797 967 creatis

127 991 266 1053 arbuteos
288 988 365 1048 letus
386 995 587 1068 montanaque
608 989 688 1070 fraga
715 990 850 1071 legebant

128 1091 278 1153 cornaque
300 1080 330 1132 et
352 1071 382 1131 in
406 1070 488 1133 duris
508 1074 657 1136 haerentia
678 1093 761 1137 mora
782 1074 896 1137 rubetis

128 1169 158 1221 et
180 1175 254 1238 quae
276 1155 445 1219 deciderant
466 1156 565 1238 patula
586 1157 663 1221 lovis
683 1161 789 1221 arbore
815 1158 946 1240 glandes.

128 1261 178 1304 ver
201 1249 262 1302 erat
282 1248 447 1316 aeternum,
470 1241 635 1323 placidique
657 1244 826 1323 tepentibus
847 1244 927 1307 auris

127 1325 298 1388 mulcebant
319 1325 438 1407 zephyri
461 1334 546 1387 natos
566 1325 631 1387 siue
653 1327 765 1388 semine
786 1327 882 1390 dores.

129 1429 196 1472 mor
218 1411 304 1473 etiam
326 1410 429 1488 iruges
451 1408 539 1470 tellus
561 1409 672 1471 inarata
694 1411 814 1484 terebat,

130 1514 185 1557 uec
207 1505 363 1557 renovatus
383 1512 454 1573 ager
475 1493 601 1573 gravidis
621 1494 746 1557 canebat
767 1495 877 1568 aristis;

128 1580 250 1642 dumina
273 1580 330 1641 iam
353 1578 446 1653 lactis,
468 1577 526 1639 iam
548 1578 670 1640 domina
692 1580 820 1642 nectaris
842 1580 934 1654 ibant,

130 1665 261 1745 flavaque
284 1665 320 1725 de
343 1662 428 1725 viridi
450 1663 599 1726 stillabant
621 1665 687 1727 ilice
701 1665 796 1727 mella.

215 1750 374 1829 Postquam
398 1748 527 1810 Saturno
549 1749 704 1812 tenebrosa
727 1750 757 1811 in
780 1750 898 1813 Tartara
922 1749 1013 1812 misso

129 1835 185 1896 sub
207 1834 275 1895 lore
297 1834 427 1894 mundus
449 1841 520 1906 erat,
542 1832 634 1894 subiit
655 1843 792 1912 argentea
815 1835 922 1916 proles,

128 1937 200 1980 auro
222 1918 361 1990 deterior,
383 1916 463 1977 lulvu
487 1916 643 1997 pretiosior
669 1936 744 1979 aere.

129 2002 262 2084 luppiter
283 2001 396 2081 antiqui
419 2001 564 2063 contraxit
585 2011 718 2082 tempora
741 2001 825 2075 reris,

129 2106 242 2168 perque
265 2086 375 2147 hiemes
397 2095 555 2166 aestusque
576 2097 606 2148 et
627 2086 795 2167 inaequales
817 2097 977 2148 autumnos

129 2181 159 2233 et
182 2172 269 2233 breve
291 2191 341 2232 rer
363 2171 466 2251 spatiis
488 2172 584 2249 etegit
605 2180 743 2252 quattuor
764 2190 884 2233 aunum.

129 2267 191 2318 tum
215 2257 342 2336 primum
365 2255 453 2316 siccis
475 2265 524 2316 aer
547 2255 710 2317 terroribus
733 2265 817 2317 ustus

129 2342 259 2409 canduit,
282 2351 311 2401 et
337 2341 433 2401 ventis
454 2339 562 2420 glacies
583 2341 719 2402 adstricta
742 2341 890 2421 pependit.
962 2351 966 2360 ’

129 2437 192 2488 tum
215 2426 342 2506 primum
366 2424 484 2487 subiere
506 2424 620 2486 domus.
664 2426 770 2486 domus
791 2435 874 2487 anua
895 2424 1018 2488 luerunt

130 2521 159 2572 et
180 2507 264 2572 densi
288 2511 409 2571 frutices
432 2519 462 2571 et
484 2510 597 2571 vinctae
619 2511 729 2573 cortice
751 2510 857 2589 virgae.

129 2596 242 2657 semina
267 2605 327 2655 tum
352 2595 481 2675 primum
503 2593 601 2673 longis
624 2594 752 2657 Cerealia
774 2594 864 2656 sulcis

130 2680 234 2742 obruta
256 2689 335 2754 sunt,
358 2679 513 2760 pressique
536 2679 605 2760 iugo
628 2698 767 2760 gemuere
789 2679 913 2741 iuvenci.

215 2765 312 2826 Tertia
334 2773 402 2844 post
424 2762 503 2825 illam
525 2765 668 2826 successit
688 2775 777 2826 aenea
804 2763 913 2845 proles,

130 2850 243 2912 saevior
266 2849 393 2928 ingeniis
416 2858 444 2910 et
466 2849 501 2910 ad
524 2849 643 2911 horrida
665 2849 830 2931 promptior
851 2867 941 2922 arma,

130 2953 191 2997 non
214 2935 353 2996 scelerata
376 2943 485 2994 umen.
528 2934 565 2995 de
586 2935 661 2995 duro
683 2943 728 2996 est
751 2934 852 2996 ultima
874 2935 963 2996 terro.

130 3019 267 3101 protinus
288 3018 403 3099 inrupit
423 3037 515 3080 venae
536 3019 646 3099 peioris
668 3018 699 3080 in
721 3038 823 3081 aerum

130 3122 219 3165 omne
242 3105 337 3165 nelas:
362 3104 465 3182 lugere
487 3103 583 3184 pudor
605 3122 764 3184 verumque
786 3104 926 3182 fidesque.

131 3190 160 3250 in
184 3207 309 3271 quorum
332 3187 451 3249 subiere
472 3187 569 3249 locum
593 3188 769 3269 fraudesque
795 3188 913 3267 dolique
1161 3195 1203 3247 100

130 3274 312 3354 insidiaeque
334 3282 364 3335 et
386 3273 430 3335 vis
451 3280 481 3333 et
502 3291 584 3335 amor
605 3274 763 3336 sceleratus
785 3272 921 3334 habendi.

130 3358 192 3421 vela
214 3360 321 3420 dabant
343 3357 447 3432 uentis,
471 3376 525 3420 nec
547 3358 642 3420 adbuc
664 3358 739 3420 bene
763 3369 881 3420 noverat
903 3356 971 3419 illos

1153 3471 1202 3508 atat

198 3545 231 3595 09
241 3541 326 3594 eratd
345 3557 416 3593 corr.
426 3541 515 3593 Helm.
550 3541 605 3593 eine
617 3557 651 3596 m.
661 3539 696 3610 u]
707 3557 759 3595 non
768 3541 856 3594 militis
867 3555 927 3594 usus
938 3558 953 3591 e
991 3481 1186 3606 1110ῗὲ301

133 3681 179 3732 tut
199 3666 344 3745 placiteque
361 3697 375 3729 ε
429 3679 476 3730 tot
495 3682 570 3730 natos
587 3678 611 3741 (e
627 3677 689 3730 odd.
706 3691 740 3728 rm
757 3693 825 3728 saec.
842 3674 904 3741 ΧΗ)
921 3672 938 3727 λ
997 3679 1045 3729 110
1059 3615 1203 3729 alm&

133 3750 181 3800 tlt
198 3745 329 3813 subiitque
346 3744 373 3796 bl
400 3745 481 3798 subiit
499 3740 591 3798 biuci
629 3748 674 3798 111
694 3744 791 3799 domos.
810 3744 933 3800 domuar
971 3745 1018 3797 101
1036 3745 1147 3797 iemuere
1162 3743 1201 3797 tl·

125 3898 197 3932 cm.
214 3881 259 3932 Μ*
305 3883 353 3935 105
372 3877 464 3933 illasl
528 3821 1201 3949 1011111111ιιεᾳιιείηιηωηοωοιῑῖῗοῖωῗὶ

80 4174 161 4194 .-
