2692 4230
128 129 240 166 ostracus
568 111 627 177 'Xl‚
645 114 738 166 8-72.
1134 114 1196 177 237

130 286 287 368 sacrilegae
309 286 467 368 perimunt.
511 300 622 365 perque
645 302 688 360 os,
711 302 765 366 pro
787 282 935 366 luppiterl
958 284 1027 346 illud
1081 351 1085 358 ,

130 373 261 435 auditum
284 371 360 432 saxis
382 366 621 450 intellectumque
645 370 773 432 ferarum

130 458 266 521 sensibus
288 457 319 517 in
341 462 444 514 ventos
464 453 561 517 anima
584 454 713 517 exhalata
734 455 867 518 recessit.

215 542 257 604 'l'e
279 547 405 602 maestae
426 537 571 615 volucres,
595 539 725 621 Orpheo,
748 549 778 602 te
800 540 885 602 turba
908 538 1045 615 terarum,

130 638 160 690 te
182 627 267 707 rigidi
291 623 397 695 silices,
420 633 448 685 te
470 626 599 687 carmina
621 643 710 704 saepe
731 633 847 686 secutae

131 713 274 773 fleverunt
295 707 393 783 silvae,
416 709 521 790 positis
542 722 571 772 te
598 707 753 771 frondibus
773 709 861 770 arbor

131 807 216 859 tonsa
239 811 353 854 comam
375 793 457 856 luxit.
502 795 629 857 lacrimis
652 810 770 873 quoque
792 793 913 854 tlnmina
935 794 1037 856 dicunt

131 879 289 942 increvisse
312 880 383 945 suis.
406 880 600 959 obstrusaque
622 877 740 940 carbasa
762 876 844 957 pullo

133 963 233 1026 naides
255 975 283 1025 et
305 965 427 1045 dryades
449 981 610 1044 passosque
631 962 760 1025 habuere
781 960 913 1043 capillos.

131 1046 263 1111 membra
285 1049 381 1111 iacent
403 1050 513 1110 diversa
535 1047 619 1109 locis.
663 1060 762 1129 caput,
784 1046 892 1121 Hebre,
915 1047 1064 1128 lyramque

133 1133 252 1213 excipis,
275 1146 303 1196 et
326 1134 473 1212 (mirumly
497 1132 593 1195 medio
615 1134 684 1196 dum
708 1133 815 1196 labitur
836 1150 933 1206 amne,

133 1218 230 1280 flebile
253 1219 352 1280 nescio
376 1219 445 1299 quid
468 1219 604 1300 queritur
624 1218 695 1299 lyra,
717 1217 814 1280 llehile
836 1217 935 1297 lingua

132 1315 296 1366 murmurat
319 1304 470 1379 exanimis,
492 1304 673 1384 respondent
694 1302 792 1364 llebile
812 1302 903 1384 ripae.

133 1391 250 1470 iamque
272 1407 351 1450 mare
372 1390 502 1450 invectae
524 1388 634 1449 llumeu
657 1386 801 1468 populare
822 1387 994 1466 relinquunt

133 1483 163 1536 et
185 1474 403 1553 Methymnaeae
425 1471 581 1553 potiuntur
601 1473 686 1534 litore
709 1471 804 1532 Lesbi.

134 1559 183 1620 hic
204 1559 284 1630 ierus
306 1557 471 1638 expositum
493 1557 658 1638 peregrinis
679 1557 784 1636 anguis
806 1556 925 1617 harenis

135 1662 168 1705 os
189 1642 263 1724 petit
285 1653 314 1702 et
336 1660 453 1723 sparsos
475 1642 596 1705 stillanti
617 1660 685 1704 rore
708 1641 840 1723 capillos.

135 1728 251 1790 tandem
273 1725 412 1789 Phoebus
433 1728 514 1789 adest
536 1745 712 1808 morsusque
733 1726 842 1788 inlerre
865 1737 1016 1807 parantem

134 1823 215 1874 arcet
236 1822 265 1873 et
287 1813 317 1873 in
341 1812 466 1895 lapidem
487 1812 580 1874 rictus
601 1811 746 1893 serpentis
768 1819 886 1893 apertos

135 1896 271 1977 congelat
292 1908 321 1959 et
343 1897 469 1978 patulos,
492 1907 525 1959 ut
547 1908 640 1973 erant,
662 1897 779 1959 indurat
801 1896 907 1957 hiatus.

220 1981 329 2044 Umbra
352 1983 432 2044 subit
454 1995 547 2044 terras
569 1993 598 2044 et
620 2001 694 2063 quae
716 1982 780 2044 loca
801 1981 911 2042 viderat
932 1989 1011 2056 aute,

135 2076 242 2130 cuncta
264 2069 466 2146 recognoscit:
491 2086 696 2148 quaerensque
717 2086 771 2148 per
791 2084 858 2128 arva
880 2066 995 2146 piorum

136 2153 249 2214 invenit
268 2151 434 2232 Eurydicen
458 2153 632 2234 cupidisque
654 2151 841 2233 amplectitur
862 2150 950 2211 ulnis

136 2238 185 2299 hic
205 2236 293 2297 modo
316 2237 482 2299 coniunctis
504 2238 670 2320 spatiantur
690 2237 826 2320 passibus
846 2235 943 2309 ambo,

138 2340 218 2384 nunc
241 2323 464 2402 praecedentem
487 2322 630 2403 sequitur,
652 2340 733 2385 nunc
755 2321 889 2402 praevius
910 2319 1000 2382 anteit
1055 2393 1058 2398 .

137 2407 363 2487 Eurydicenque
385 2425 467 2469 suam
489 2409 547 2469 iam
571 2417 636 2469 tuto
658 2407 779 2488 respicit
801 2403 948 2487 Orpheus.

222 2491 287 2553 Non
310 2495 423 2573 inpune
445 2505 542 2554 nmen
565 2492 663 2554 scelus
677 2493 734 2553 boc
755 2490 826 2552 sinit
847 2509 912 2552 esse
932 2489 1056 2570 Lyaeus,

138 2578 304 2657 amissoque
326 2578 430 2639 dolens
451 2596 602 2640 sacrorum
624 2587 688 2640 rate
710 2594 843 2650 suorum,

139 2662 275 2742 protinus
298 2663 328 2723 in
351 2663 430 2723 silvis
452 2673 561 2725 matres
582 2662 731 2724 Edonidas
753 2678 866 2735 omnes,

139 2765 214 2826 quae
236 2747 332 2809 ridere
356 2749 446 2821 nelos,
469 2759 544 2810 torta
566 2748 663 2809 radice
686 2746 792 2827 ligarit.
1180 2753 1210 2802 to

139 2831 260 2913 [quippe
283 2834 390 2913 pedum
413 2833 530 2912 digitos,
552 2833 583 2894 in
607 2842 748 2912 quantum
771 2839 815 2893 est
836 2848 970 2911 quaeque
996 2837 1106 2901 secuta,

139 2918 226 2978 traxit
248 2929 277 2977 et
300 2917 329 2978 in
353 2918 473 2979 solidam
496 2918 619 2980 detrusit
641 2918 776 2980 acumina
798 2917 927 2992 terram]

208 3072 241 3119 45
260 3075 285 3118 te
303 3069 411 3119 carmina
430 3072 499 3120 coni.
517 3069 644 3136 Bentle3y5
667 3068 759 3120 codd:
777 3073 819 3119 tua
838 3080 860 3120 c.
929 3070 963 3118 46
982 3063 1114 3116 frondibus
1132 3061 1159 3120 (d
1177 3078 1213 3111 eac

141 3133 194 3195 nt
245 3136 352 3191 arbosc
404 3141 435 3188 ll
455 3137 562 3188 comal)
613 3133 734 3188 eomast
785 3150 883 3186 comam
897 3135 985 3184 lleine.
1036 3134 1069 3183 48
1088 3127 1211 3198 pulloslll

140 3203 321 3270 lobscuraque
353 3212 355 3217 '

161 3272 361 3339 obstrusaquee
411 3273 570 3338 obscuraque
589 3274 719 3324 eddoett
765 3272 798 3323 49
816 3285 962 3336 quemme
1014 3270 1046 3319 55
1064 3265 1212 3317 methimnei

141 3340 160 3390 G
223 3343 256 3391 66
274 3341 406 3408 expositus
424 3339 449 3390 lll
518 3342 637 3407 exposito
656 3337 671 3392 l.
688 3338 819 3392 Planudee
887 3340 918 3389 57
941 3353 970 3388 os
988 3338 1049 3402 pet]
1074 3333 1214 3386 obstititC

141 3408 272 3460 Planudes
330 3425 433 3475 sparsus
451 3408 483 3468 C,
502 3425 570 3474 qrrae
587 3412 616 3458 in
634 3411 790 3460 tentarunt
808 3409 926 3456 restituit
944 3405 1045 3464 Πρέπις
1066 3403 1136 3453 idem
1159 3418 1215 3451 oea*

140 3492 198 3526 eune
215 3482 372 3542 sequentem,
391 3480 438 3542 qni
454 3482 533 3527 antea
552 3480 581 3527 in
599 3477 657 3529 edd.
669 3477 815 3539 serebatur,
833 3474 944 3524 delenit:
963 3473 1050 3523 lambit
1069 3477 1096 3522 et
1114 3470 1216 3538 hymni·

663 3543 674 3597 l
685 3548 706 3605 ts
721 3545 745 3606 ll
754 3545 817 3605 ,item

143 3611 211 3662 leros
228 3611 309 3663 inhiat
327 3612 447 3663 divellere
466 3613 561 3663 uultus.
620 3616 652 3667 66
686 3543 851 3681 llllltemt
903 3625 1007 3660 oneum
1024 3612 1056 3661 59
1075 3607 1215 3657 &lendum

142 3684 228 3730 censet
245 3679 320 3730 llr‘eee
380 3685 412 3732 oo
430 3681 545 3745 congerit
563 3679 588 3730 ll
645 3684 678 3735 63
697 3677 848 3733 ειπίἀίοὲΜ
907 3680 939 3730 ot
958 3675 1085 3728 coniuncti
1104 3673 1128 3725 bl
1182 3678 1214 3727 66

143 3753 213 3799 tutus
231 3753 271 3807 tus
289 3753 367 3813 erus.)
384 3747 408 3797 lll
464 3752 496 3801 69
515 3751 618 3812 matres]
636 3745 778 3801 merensbl
840 3749 872 3798 ‘lh
891 3740 1007 3797 lecerel
1066 3760 1106 3794 oo.
1125 3746 1165 3795 71.
1182 3745 1215 3794 72

144 3831 202 3866 eum
220 3815 347 3867 ,tterteuo
365 3823 395 3867 ut
411 3820 544 3867 insiticioe
562 3821 667 3868 uncinis
684 3818 882 3880 circumscripsi
940 3817 968 3865 ‘lt
991 3811 1092 3879 pedum]
1111 3810 1171 3862 dnm
1189 3808 1214 3861 bl

144 3885 176 3934 72
194 3885 309 3936 acumine
328 3902 416 3935 ornam
434 3885 492 3936 edd.
510 3891 573 3935 unte
590 3885 745 3938 llieeeanam
810 3885 877 3946 terr]
897 3883 958 3934 iram
977 3877 992 3932 λ
