2692 4230
126 134 246 171 crunnus.
275 132 408 171 rutnans
576 115 594 179 1,
613 118 756 169 cet-tot.

126 289 286 370 procubuit
307 287 434 368 genibus
456 287 655 369 resupinoque
676 289 765 350 ardua
788 286 874 358 collo,

127 393 203 455 quos
224 374 322 456 potuit
342 372 433 445 solos,
456 372 562 435 tollens
583 375 618 435 ad
641 374 735 436 sidera
757 372 854 434 vultus

128 470 156 521 et
178 459 290 539 gemitu
314 465 343 517 et
364 455 492 519 lacrimis
514 469 542 520 et
563 459 710 520 luctisono
733 458 847 537 mugitu

128 564 196 607 cum
218 543 286 604 love
308 541 368 602 visa
391 543 475 622 queri
497 544 645 622 finemque
666 561 750 604 orare
772 543 927 604 malorum.

128 627 265 705 coniugis
287 625 337 686 ille
359 644 430 689 suae
452 629 613 709 conplexus
634 626 708 688 colla
730 628 856 701 lacertis,

128 713 210 775 finiat
233 719 263 771 ut
287 729 399 790 poenas
421 715 548 787 tandem,
569 721 661 790 rogat,
681 702 732 772 ‘in’
758 733 815 793 que
834 707 980 773 ‘futurum
1162 722 1205 772 735

129 814 209 878 pone
230 791 335 857 metus'
363 796 475 879 inquit;
496 792 667 876 ‘numquam
691 797 744 857 tibi
768 816 854 859 causa
876 797 988 863 doloris

129 881 202 941 baec
224 871 304 940 erit':
328 891 358 943 et
379 882 496 965 Stygias
518 881 600 944 iubet
621 882 677 941 hoc
698 883 799 943 audire
825 882 956 963 paludes.

128 975 163 1025 ut
183 963 273 1026 lenita
294 965 348 1028 dea
371 980 425 1042 est,
447 969 544 1031 vultus
565 965 643 1046 capit
664 965 712 1026 illa
735 966 849 1045 priores

130 1049 221 1129 fitque
244 1052 323 1130 qnod
346 1064 414 1116 ante
434 1053 506 1115 tuit:
530 1051 647 1129 lugiunt
669 1070 685 1111 e
707 1069 832 1131 corpore
854 1063 960 1128 saetae,

130 1152 242 1196 cornua
263 1135 449 1210 decrescunt,
472 1138 506 1198 llt
527 1135 647 1197 luminis
668 1136 758 1197 artior
779 1135 870 1209 orbis,

130 1221 315 1284 contrahitur
335 1223 438 1298 rictus,
462 1222 586 1283 redeunt
607 1221 758 1302 umerique
781 1238 956 1301 manusque,

131 1305 301 1388 ungulaque
324 1306 355 1368 in
378 1307 486 1387 quinos
507 1306 618 1388 dilapsa
639 1306 802 1368 absumitur
824 1324 955 1385 ungues:

130 1389 168 1452 de
190 1391 264 1453 bove
285 1391 328 1452 nil
351 1400 497 1472 superest,
518 1393 629 1453 lormae
652 1391 707 1452 nisi
730 1392 850 1465 candor,
873 1391 904 1452 in
927 1391 988 1455 illa.

131 1477 289 1556 officioque
311 1475 421 1556 pedum
443 1478 572 1559 nymphe
594 1487 732 1537 contenta
754 1477 880 1538 duorum

131 1560 254 1638 erigitur
277 1561 440 1643 metuitque
462 1563 554 1643 loqui,
577 1581 614 1622 ne
636 1579 717 1622 more
739 1561 879 1623 iuvencae

130 1645 252 1724 mugiat,
274 1655 303 1706 et
325 1646 426 1708 timide
448 1646 534 1709 verba
556 1646 721 1707 intermissa
744 1655 908 1727 retemptat„

132 1749 214 1792 nunc
236 1730 288 1791 dea
310 1730 435 1812 linigera
458 1732 563 1793 colitur
586 1730 773 1792 celeberrima
797 1730 890 1792 turba.

217 1814 294 1876 Huic
315 1815 459 1896 Epaphus
480 1817 577 1896 magni
600 1816 717 1896 genitus
738 1818 775 1877 tle
797 1816 910 1877 semine
933 1816 1052 1877 tandem

131 1901 261 1961 creditur
282 1919 347 1962 esse
369 1901 455 1976 lovis,
477 1921 589 1983 perque
611 1902 698 1964 urbes
719 1901 817 1963 iuncta
843 1901 958 1982 parenti

132 1985 242 2066 templa
264 1995 354 2048 tenet.
398 1987 455 2049 luit
477 1987 545 2050 buic
566 1988 671 2049 animis
693 1986 823 2066 aequalis
845 1997 873 2048 et
895 1985 983 2048 annis
1165 1995 1209 2046 tto

132 2070 201 2132 Sole
223 2080 303 2132 satus
324 2071 489 2134 Phaethon.
532 2090 619 2152 quem
648 2071 795 2152 quondam
818 2088 924 2148 magna
950 2071 1122 2150 loquentem

132 2174 189 2217 nec
211 2155 267 2216 sibi
290 2156 444 2219 cedentem
467 2157 643 2236 Phoeboque
665 2165 786 2237 parente
808 2155 970 2235 superbum

133 2259 194 2301 non
217 2240 284 2301 tulit
307 2240 471 2315 Inachides,
490 2233 595 2303 ‘matri'
620 2260 677 2323 que
698 2242 738 2302 ait
756 2234 868 2303 ‘omnia
890 2241 1013 2303 demens

132 2326 229 2388 credis
251 2335 282 2386 et
303 2344 336 2387 es
357 2326 488 2389 tumidus
508 2327 650 2407 genitoris
664 2326 791 2407 imagine
813 2317 897 2387 falsi.²

132 2411 252 2473 erubuit
273 2409 425 2472 Phaethon
448 2412 579 2494 iramque
602 2413 713 2494 pudore
735 2410 883 2492 repressit,

132 2507 162 2557 et
184 2495 252 2558 tulit
272 2496 308 2557 ad
331 2494 491 2576 Clymenen
514 2498 628 2579 Epaphi
651 2496 782 2560 convicia
805 2507 944 2569 matrem;

129 2573 264 2661 ‘quoque
285 2581 379 2659 magis
401 2582 511 2655 doleas,
532 2577 685 2663 genetrix',
707 2582 746 2643 ait
765 2574 828 2642 ‘ille
850 2598 905 2658 ego
925 2578 1012 2654 liber,

132 2666 182 2727 ille
206 2667 287 2727 leros
308 2667 397 2728 tacui.
440 2669 531 2750 pudet
552 2670 624 2730 baec
645 2666 805 2749 opprobria
831 2664 917 2726 nobis

133 2761 164 2813 et
185 2751 244 2813 dici
267 2751 400 2832 potuisse
423 2764 452 2815 et
474 2771 534 2814 non
558 2752 688 2834 potuisse
709 2751 813 2814 relelli.

133 2846 163 2898 at
184 2847 228 2911 tu,
250 2836 274 2897 si
297 2838 385 2898 modo
408 2857 474 2900 sum
497 2838 612 2900 caelesti
633 2839 724 2919 stirpe
745 2846 870 2906 creatus,

133 2922 187 2983 ede
211 2932 311 2983 notam
333 2923 408 2984 tanti
431 2923 546 3004 generis
569 2942 673 3004 meque
695 2923 796 2984 adsere
820 2914 920 2981 caelo.³

131 3007 207 3069 (lixit
230 3016 260 3068 et
282 3006 421 3087 inplicuit
441 3018 574 3070 materno
597 3009 731 3070 bracchia
753 3006 830 3068 collo

134 3111 248 3173 perque
269 3111 357 3154 suum
380 3093 567 3176 bleropisquc
589 3105 678 3174 caput
700 3094 856 3172 taedasque
877 3108 1024 3160 sororum,

134 3212 150 3218 ..
613 3193 663 3245 u5²

204 3263 253 3313 733
272 3263 344 3329 queri
362 3258 436 3312 esti
488 3264 537 3315 736
555 3211 630 3328 noqflut
665 3258 681 3312 l
733 3262 782 3312 742
801 3273 892 3308 uersus
910 3259 939 3305 in
957 3270 1044 3319 marg.
1064 3271 1080 3304 α
1098 3268 1133 3305 m.
1151 3253 1169 3304 2
1187 3252 1212 3303 Μ

135 3329 273 3381 assumitur
291 3328 306 3381 l
371 3333 421 3383 743
440 3329 488 3381 nisi
507 3329 601 3381 lormae
620 3328 712 3381 candor
732 3325 747 3379 l.
811 3328 860 3377 746
878 3324 1023 3375 intermissa
1041 3321 1124 3387 lllsltlllllp
1141 3317 1156 3370 l
1173 3323 1213 3384 (in

135 3480 222 3530 rirmg.
240 3471 371 3530 retractat)
424 3470 473 3518 747
493 3456 597 3531 niligeii
616 3464 640 3514 Μ
676 3464 786 3530 niligeua
807 3459 822 3512 l.
845 3462 967 3511 correxit
985 3458 1074 3508 licias.
1109 3460 1171 3509 Post
1190 3474 1213 3508 υ.

137 3533 187 3586 747
206 3536 234 3583 in
252 3533 278 3586 Μ
296 3551 387 3586 cerm
405 3551 512 3597 erasm
530 3537 558 3583 in
576 3549 662 3598 marg.
681 3549 697 3581 n
715 3549 749 3582 m.
761 3531 785 3583 2.
799 3533 880 3581 baec:
898 3527 1005 3595 explicit
1023 3527 1088 3578 liber
1106 3527 1211 3594 primus·

136 3601 262 3668 incipiunt
280 3602 392 3669 capitula
410 3603 467 3654 libri
486 3601 590 3654 secundi
642 3603 690 3653 748
711 3600 769 3650 huic
787 3601 856 3651 conl.
876 3598 965 3647 Helm.
994 3610 1062 3646 nunc
1079 3592 1105 3645 Μ
1134 3595 1214 3660 lulp'nc

138 3667 154 3722 λ
179 3672 207 3735 (h
225 3688 242 3721 a
259 3676 548 3734 msecmetraclatum,
566 3673 698 3720 utattrum
718 3685 734 3718 α
751 3671 812 3719 nul
838 3683 853 3716 n
871 3666 959 3726 licerit
978 3680 1014 3713 an
1031 3663 1048 3714 h
1067 3663 1215 3725 dubitetur)

137 3742 187 3840 ll?
211 3741 327 3808 parenti!
345 3737 371 3790 Μ
423 3741 471 3792 751
497 3739 592 3806 pheton
615 3739 637 3788 Α
661 3739 787 3801 (semper)
842 3737 891 3786 752
917 3729 1108 3799 qhdentembl
1164 3733 1213 3781 757

136 3821 170 3858 en

136 3871 215 3927 ittet
267 3878 317 3928 759
335 3882 362 3928 et
380 3874 430 3927 (lici
448 3877 468 3942 (t
487 3875 547 3926 add.
565 3890 598 3925 m.
616 3872 642 3940 2)
662 3871 685 3924 Μ
