2692 4230
132 171 265 211 rcxrrnrn
563 157 624 225 lllll,
641 161 785 214 tos-479.
1143 159 1202 222 291

134 351 194 413 quo
218 334 300 395 ierus
321 331 433 394 iniusto
456 330 542 411 petiit
562 332 782 413 Agamemnona
804 332 894 393 lerro.

130 411 340 481 ‘inmemores’
365 434 425 496 quc
443 407 515 479 ‘mei
537 413 702 481 disceditis’
725 419 823 500 inquit
841 409 979 478 ‘lenivit
1162 429 1205 480 445

133 504 299 584 obrutaque
321 508 366 561 est
388 517 504 562 mecum
526 503 642 566 virtutis
663 504 756 583 gratia
779 499 920 565 nostrae?

134 607 173 651 ne
195 587 299 650 lacitel
321 593 416 665 utque
438 605 537 649 meum
560 607 622 650 non
645 588 683 649 sit
704 589 768 650 aine
789 588 904 650 bonore
927 583 1125 668 sepulchrum,

133 673 231 754 placet
251 669 403 731 Achilleos
424 683 548 735 mactata
571 672 718 752 Polyxena
739 668 861 734 manes?

132 757 215 830 dixit,
238 764 268 816 et
288 753 385 816 inmiti
409 757 498 818 sociis
519 755 692 837 parentibus
714 755 845 831 umbrae,

132 851 215 923 rapta
238 838 305 900 sinu
328 840 440 916 matris,
463 860 552 923 quam
575 840 631 902 iam
654 856 748 921 prope
769 840 831 902 sola
853 841 977 916 fovebat,
1162 849 1205 900 450

133 924 219 986 sortis
242 931 271 985 et
293 923 394 987 inielix
417 936 447 987 et
468 926 537 1006 plus
558 942 646 1006 quam
669 923 777 985 lemina
799 923 880 1003 virgo

132 1009 253 1072 ducitur
273 1011 310 1071 ad
333 1009 480 1072 tumulum
503 1010 627 1090 diroque
649 1010 682 1070 tlt
703 1009 799 1071 hostia
820 1007 917 1070 busto.

133 1112 208 1174 quae
229 1111 345 1157 memor
367 1096 431 1175 ipsa
454 1093 510 1169 sui,
532 1102 689 1176 postquam
711 1091 880 1156 crudelibus
901 1093 958 1154 aris

132 1179 248 1242 admota
271 1190 317 1242 est
338 1179 491 1260 sensitque
514 1180 570 1242 sibi
592 1179 653 1242 iera
676 1198 757 1242 sacra
779 1178 888 1261 parari,

132 1273 225 1346 utque
247 1263 476 1347 Neoptolemum
498 1273 624 1327 stantem
647 1266 818 1345 ferrumque
839 1272 988 1326 tenentem

133 1349 226 1430 inque
247 1368 302 1412 suo
325 1349 397 1411 vidit
418 1351 558 1429 figentem
581 1350 693 1412 lumina
713 1349 806 1420 vultu,

130 1427 227 1498 ‘utere
251 1435 412 1497 iandudum
435 1451 580 1514 generoso
602 1426 778 1513 sanguinel’
803 1432 875 1493 dixit

129 1513 225 1582 ‘nulla
247 1538 330 1581 mora
353 1527 407 1580 e'st.
472 1519 545 1599 quin
567 1529 600 1581 tu
621 1517 723 1598 iugulo
745 1516 792 1579 vel
813 1525 935 1597 pectore
955 1515 1046 1577 telum

132 1604 228 1666 conde
250 1593 350 1665 meol’
374 1603 570 1685 iugulumque
592 1603 680 1666 simul
701 1611 866 1686 pectusque
886 1601 999 1663 retexit.

129 1681 256 1750 ‘scilicet
278 1688 355 1749 baud
379 1687 433 1750 ulli
454 1690 563 1751 servire
585 1688 733 1770 Polyxena
754 1686 869 1750 vellem.
960 1683 976 1694 ”

132 1774 210 1835 baud
233 1791 288 1854 per
308 1772 366 1834 tale
388 1792 506 1836 sacrum
528 1793 638 1837 numen
660 1773 814 1856 placabitis
834 1771 938 1835 ullum.

131 1875 213 1919 mors
234 1866 350 1920 tantum
372 1859 479 1920 vellem
500 1869 623 1922 matrem
645 1878 711 1922 mea
732 1857 833 1921 lallere
856 1867 962 1938 posset.

132 1953 226 2004 mater
249 1944 334 2005 obest
355 1944 523 2025 minuitque
545 1944 627 2006 necis
647 1944 720 2006 mihi
742 1941 863 2022 gaudia:
887 1943 1018 2023 quamvis

131 2046 193 2091 non
215 2047 281 2089 mea
303 2046 384 2089 mors
406 2028 460 2102 illi,
482 2047 582 2091 verum
606 2048 659 2091 sua
681 2030 738 2090 rita
761 2028 912 2090 tremenda
928 2037 980 2089 est.

131 2132 183 2174 vos
203 2111 307 2186 modo,
327 2130 365 2174 ne
388 2112 507 2193 Stygios
528 2113 629 2176 adeam
652 2131 713 2175 non
736 2112 827 2174 libera
850 2130 960 2186 manes,

132 2205 195 2258 este
217 2196 334 2278 procul,
357 2197 382 2258 si
405 2198 483 2260 iusta
505 2208 587 2280 peto,
609 2207 749 2279 tactuque
771 2197 871 2259 viriles

131 2282 265 2362 virgineo
288 2294 436 2344 removete
458 2302 573 2347 manus.
617 2283 765 2364 acceptior
786 2281 838 2357 illi,

132 2367 267 2448 quisquis
289 2368 315 2428 is
336 2375 391 2442 est,
412 2387 503 2448 quem
524 2369 613 2430 caede
634 2387 698 2430 mea
720 2368 836 2449 placare
858 2365 976 2446 paratis,

132 2451 207 2514 liber
228 2453 285 2513 erit
306 2453 438 2531 sanguis.
482 2452 585 2533 siquos
607 2464 702 2514 tamen
725 2451 828 2513 ultima
851 2450 943 2512 nostri

131 2537 218 2598 verba
240 2547 361 2598 movent
383 2537 454 2612 oris,
477 2537 584 2598 Priami
607 2555 658 2598 vos
680 2535 739 2598 illia
761 2535 848 2614 regis,

133 2640 194 2683 non
217 2622 330 2702 captiva
353 2631 448 2700 rogat,
470 2622 612 2700 genetrici
635 2640 746 2703 corpus
767 2621 932 2701 inemptum

132 2706 259 2780 reddite;
283 2725 356 2768 neve
377 2725 451 2769 auro
474 2707 597 2768 redimat
619 2707 665 2769 ius
687 2707 768 2768 triste
790 2703 949 2785 sepulchri,

131 2792 183 2853 sed
205 2791 343 2852 lacrimis.
388 2802 470 2866 tunc,
492 2811 561 2854 cum
583 2801 708 2874 poterat,
729 2789 890 2853 redimebat
911 2798 940 2850 et
960 2781 1051 2850 auro?

132 2876 253 2948 dixerat,
275 2886 305 2938 at
327 2876 458 2957 populus
479 2877 624 2950 lacrimas,
646 2895 719 2958 quas
741 2875 787 2937 illa
811 2874 938 2947 tenebat,

132 2979 193 3022 non
216 2971 307 3022 tenet.
351 2961 416 3041 ipse
438 2962 525 3023 etiam
548 2963 623 3023 tlens
644 2962 813 3042 invitusque
834 2959 970 3022 sacerdos

132 3045 264 3127 praebita
287 3045 424 3107 coniecto
448 3047 530 3128 rupit
551 3047 722 3128 praecordia
744 3047 832 3107 lerro.

132 3130 180 3193 illa
203 3141 425 3211 superterram
448 3132 563 3193 deiecto
587 3132 699 3213 poplite
721 3130 823 3192 labens

132 3215 254 3296 pertulit
276 3216 441 3297 intrepidos
462 3218 497 3277 ad
520 3219 578 3279 lata
601 3217 757 3278 novissima
780 3214 886 3276 vultus,

131 3311 204 3362 tunc
225 3319 345 3381 quoque
368 3321 438 3363 cura
462 3303 517 3363 luit
539 3311 637 3384 partes
657 3301 754 3363 velare
776 3300 924 3379 tegendas,

200 3454 249 3504 444
268 3453 329 3518 quo]
349 3452 392 3519 qui
412 3453 429 3505 ti
450 3457 468 3503 i.
484 3457 518 3516 r.)
536 3466 754 3518 -agamennona
772 3449 797 3501 Μ
861 3451 911 3501 446
931 3445 1042 3523 gloria-e
1104 3449 1203 3496 vestrae

131 3535 202 3571 corr.
219 3536 254 3569 eac
272 3525 374 3571 nostrae
392 3519 417 3570 Μ
475 3524 525 3574 454
543 3521 672 3587 sentitque
691 3520 707 3571 b
764 3521 814 3570 456
833 3514 1056 3584 utque-lumine
1074 3512 1161 3563 vultus
1178 3511 1204 3562 M

131 3589 181 3640 458
200 3587 262 3654 quin
280 3591 349 3638 coni.
368 3588 472 3642 ‚ihr-b.¹
527 3588 610 3640 autb
671 3593 698 3639 at
715 3586 803 3638 Heius.
863 3582 904 3634 vel
923 3582 996 3634 llieee
1055 3583 1105 3633 466
1122 3583 1162 3630 εἰσ
1178 3579 1203 3631 Μ

130 3654 421 3720 (haudeeautm.1)
474 3655 568 3723 nullia
620 3656 745 3709 ienemb
805 3656 852 3707 464
873 3651 949 3714 baud]
968 3657 1025 3701 ete
1084 3651 1200 3701 466464

131 3723 257 3775 delendos
274 3727 377 3774 censerit
394 3723 509 3775 Suelter
560 3727 609 3778 463
628 3724 715 3777 monui
745 3738 778 3775 ue
793 3719 819 3773 Μ
871 3724 920 3773 464
940 3717 1068 3771 tremenda
1085 3715 1110 3767 bl
1161 3731 1204 3782 ge-

131 3791 254 3843 mendae
314 3790 460 3856 lugendab
519 3797 570 3846 466
588 3796 653 3857 este}
671 3729 749 3844 netqq
811 3791 861 3842 468
879 3787 965 3852 caede]
984 3791 1094 3838 mortes
1119 3853 1125 3864 ο
1152 3789 1203 3865 440

130 3859 270 3911 monentb
340 3863 388 3912 til
410 3876 460 3911 nou
481 3861 581 3926 lirim„
604 3861 709 3914 nuncll
778 3855 935 3925 ineptumbl
1004 3854 1203 3908 latrocinalis

131 3936 161 3981 tr.
180 3927 342 3993 sepulchrum
363 3927 387 3978 ll
441 3932 491 4005 433
511 3936 563 3981 tum
581 3930 597 3981 h
967 3988 1023 4037 w
