2692 4230
46 138 109 202 240
503 140 657 201 hurault

48 331 98 376 rex
120 315 215 378 iussae
236 315 367 379 succedit
387 330 490 392 aquae.
534 311 577 372 ris
597 329 685 374 aurea
706 313 793 377 tinxit

48 398 157 463 tlumen
180 412 210 463 et
230 402 359 463 humano
381 396 418 457 dc
438 412 565 476 corpore
586 395 674 457 cessit
694 397 725 459 in
746 417 872 461 amnem.

48 503 129 548 nuno
150 503 268 566 quoque
289 484 345 544 iam
367 479 473 540 veteris
494 489 634 559 percepto
656 482 768 545 semine
788 503 879 548 renae

47 588 114 632 arva
135 571 232 650 rigent
251 583 323 629 auro
345 561 468 624 madidis
489 561 628 642 pallentia
651 562 769 642 glaebis.

132 654 195 727 ille,
218 666 341 733 perosus
363 665 445 726 opes,
468 647 553 708 silvas
575 656 605 708 et
626 665 694 708 rura
716 649 830 714 colebat

49 739 187 818 Panaque
208 732 356 796 montanis
378 730 558 794 habitantem
581 749 697 813 semper
718 732 748 793 in
771 739 872 799 antris.

50 825 160 906 pingue
181 820 231 881 sed
253 815 404 896 ingenim
426 817 543 893 mansit,
565 816 769 896 nocituraque,
791 830 826 881 ut
846 834 923 898 ants,

49 925 152 970 rursus
174 911 255 965 erant
277 900 397 963 domino
419 902 542 965 stolidae
564 902 734 984 praecordia
755 906 873 966 mentis

51 1010 117 1055 nam
139 992 211 1051 treta
233 985 418 1067 prospiciens
439 985 496 1048 late
516 989 593 1068 riget
612 988 723 1050 arduus
743 987 802 1048 alto

50 1074 170 1138 'lmolus
192 1072 223 1132 in
244 1088 378 1145 ascensu,
400 1070 535 1152 clivoque
556 1083 697 1135 extensus
717 1082 844 1152 utroque

53 1158 192 1222 Sardibus
213 1156 292 1229 hinc,
315 1155 396 1217 illinc
419 1158 514 1237 parvis
535 1159 637 1220 linitur
658 1157 814 1239 Hypaepis.

50 1243 112 1305 Pan
134 1242 174 1303 ibi
196 1241 265 1302 dum
288 1241 397 1302 teneris
419 1241 509 1304 iactat
530 1262 584 1305 sua
605 1245 735 1306 carmina
757 1243 894 1324 nymphis

52 1336 82 1390 et
103 1327 164 1388 lere
185 1335 279 1388 cerata
301 1325 468 1388 modulatur
489 1328 655 1391 harundine
677 1346 806 1404 carmen,

52 1430 140 1473 ausus
161 1411 331 1493 Apollineos
353 1430 476 1492 praese
498 1423 688 1475 contemnere
710 1424 823 1489 centua,

52 1497 148 1560 iudico
169 1497 223 1558 sub
246 1495 349 1557 Tmolo
372 1507 519 1558 certamen
541 1498 622 1559 venit
642 1498 678 1559 ad
700 1498 795 1579 inpar.

53 1593 152 1644 monte
173 1598 227 1642 suo
249 1581 348 1641 senior
368 1579 456 1640 iudex
477 1581 608 1641 consedit
631 1593 660 1642 et
681 1598 767 1643 aures

54 1667 156 1729 liberat
177 1664 345 1727 arboribus:
369 1680 480 1741 quercu
502 1681 586 1724 coma
608 1663 723 1725 caerula
744 1674 859 1727 tantum

54 1752 191 1829 cingitur,
213 1759 241 1808 et
264 1747 394 1827 pendent
415 1747 527 1809 circum
550 1767 618 1810 cava
640 1759 772 1831 tempora
794 1750 922 1830 glandes.

55 1837 138 1916 isque
159 1834 247 1895 deum
268 1832 384 1912 pecoris
405 1842 543 1912 spectans
560 1827 605 1894 ‘in
627 1829 732 1896 iudioe'
756 1835 828 1897 dixit

51 1914 145 1981 ‘nulla
167 1936 247 1979 mora
270 1907 332 1977 est?
378 1916 495 1978 calamis
517 1919 681 1998 agrestibus
702 1920 819 1983 insonat
840 1920 890 1982 ille

55 2003 265 2083 barbaricoque
287 2000 383 2062 llidan
407 2001 517 2072 (aderat
539 2020 606 2064 nam
629 2004 705 2064 torte
726 2006 854 2081 canenti)

56 2089 185 2151 carmine
207 2085 326 2149 delenit.
369 2095 438 2165 post
459 2086 541 2147 hunc
562 2105 645 2148 sacer
665 2106 716 2150 ora
737 2090 855 2151 retorsit

54 2173 176 2235 'lmolus
197 2172 232 2233 ad
255 2189 289 2231 os
310 2169 436 2244 Phoebi;
460 2169 570 2232 vultum
592 2190 644 2233 sua
665 2172 735 2234 silva
757 2185 856 2236 secuta
879 2184 932 2236 est.

56 2257 105 2320 ille
127 2267 215 2338 caput
236 2257 341 2317 harum
364 2253 445 2315 lauro
467 2254 625 2317 Parnaside
646 2257 761 2319 rinctus
1079 2266 1122 2318 161

55 2343 144 2405 verrit
165 2343 286 2402 humum
309 2338 397 2418 Tyrio
420 2349 546 2401 saturata
568 2343 681 2404 murice
704 2343 779 2424 palla

56 2429 286 2505 instructamque
308 2425 394 2486 tidem
417 2426 540 2504 gemmis
561 2437 592 2486 et
613 2427 750 2489 dentibus
770 2427 851 2489 lndis

56 2512 181 2575 sustinet
202 2530 218 2572 a
241 2509 331 2576 laera;
356 2510 451 2570 tenuit
471 2527 578 2572 manus
600 2511 689 2574 altera
711 2513 866 2594 plectrum.

58 2596 176 2660 artificis
197 2605 288 2655 status
310 2593 374 2674 ipse
394 2594 460 2654 luit.
503 2605 566 2656 tum
588 2598 711 2660 stamina
733 2599 820 2659 docto

58 2681 164 2762 pollice
185 2678 338 2752 sollicitat;
365 2696 491 2757 quorum
514 2680 670 2744 dulcedine
692 2692 796 2764 captus

59 2767 137 2828 Pana
158 2763 238 2825 iubet
260 2762 382 2824 'l'molus
404 2763 531 2826 citharae
553 2766 726 2830 submittere
748 2784 865 2828 cannas.

59 2851 197 2913 iudicium
219 2848 370 2928 sanctique
392 2848 489 2928 placet
510 2852 654 2913 sententia
676 2853 786 2913 montis

59 2935 212 2997 omnihus:
235 2933 368 3008 arguitur
389 2944 485 2994 tamen
508 2944 596 3015 atque
618 2936 724 2998 iniusta
746 2948 866 2999 roratur

60 3021 147 3082 unius
168 3036 304 3081 sermone
324 3018 429 3079 Midae.
474 3037 528 3081 neo
550 3019 652 3083 [lelius
671 3041 758 3083 aures

59 3107 214 3168 humanam
237 3101 357 3164 stolidas
378 3103 488 3183 patitur
510 3105 640 3167 retinere
661 3107 795 3185 liguram,
1084 3113 1126 3164 116

131 3259 176 3308 111
195 3249 327 3305 ueteres).
381 3257 427 3306 115
446 3250 563 3319 riganti
619 3259 664 3308 tt't
684 3255 826 3308 inarrisll
881 3259 927 3310 119
943 3252 1126 3318 domldarnno

60 3321 85 3373 u
137 3319 233 3389 stolid]
251 3321 381 3372 stultaec
455 3325 501 3374 156
519 3322 570 3389 altq
588 3321 613 3373 lt
685 3327 732 3378 tot
751 3321 867 3392 hipeisi.
931 3321 1127 3378 totonderat

60 3392 163 3442 numina
180 3389 291 3454 Bentley
353 3393 400 3442 156
419 3389 549 3453 tlrsjttlmolo
567 3388 591 3441 ll
611 3391 659 3452 (rs.
677 3392 723 3456 86)
786 3395 831 3446 161
851 3387 1017 3445 cousenditi
1079 3395 1127 3445 166

61 3456 161 3511 dousll
216 3460 261 3510 161
275 3451 408 3508 intonati
463 3460 509 3510 163
527 3457 667 3512 detinent
711 3459 828 3513 delinita
873 3467 932 3529 post
950 3457 986 3528 h]
997 3454 1129 3548 phebus).

1039 3542 1056 3578 u

62 3592 198 3648 resolvitr
252 3595 298 3644 tut
315 3590 345 3645 T.
358 3598 384 3642 et
396 3591 428 3643 ad
447 3608 477 3644 os
489 3591 534 3644 Ph.
547 3591 572 3643 tt
627 3598 675 3648 166
692 3595 856 3650 saturaturlt
912 3598 957 3650 161
977 3594 1129 3648 instrictam-

62 3659 154 3729 qnell
223 3655 465 3728 instructamquei
532 3660 730 3732 distinctamque
752 3664 860 3716 lirams
937 3663 1129 3732 instrictamque

64 3778 164 3830 unser
215 3781 262 3832 roo
280 3786 371 3832 tunes
424 3783 472 3834 ara
490 3781 644 3847 iudiciumtttt
660 3785 696 3851 tq:
715 3781 866 3848 armatu
920 3783 967 3835 rra
985 3748 1129 3837 viaturos

66 3901 112 3952 tta
131 3875 252 3951 humaui's
270 3900 388 3952 stolidam
406 3900 431 3952 lt
