2692 4230
131 119 173 181 60
588 127 740 181 ululatur.

131 295 268 360 latidicus
288 307 368 362 rates
386 294 424 363 ‘si
447 319 479 361 se
501 315 561 359 non
584 292 705 356 novarit’
729 296 834 378 inquit

134 400 207 444 vana
228 383 279 445 diu
301 383 362 447 visa
383 395 428 447 est
448 400 503 443 vox
523 380 660 457 auguris:
684 379 779 442 exitus
800 384 878 446 illam

131 485 238 548 resque
262 469 367 549 probat
387 468 495 547 letique
517 482 612 542 genus
633 463 803 544 novitasque
824 469 941 531 luroris.

132 570 259 632 namque
282 563 326 615 ter
346 553 383 615 ad
405 550 512 632 quinos
533 567 626 610 unum
648 548 802 630 Cephisius
821 570 932 615 aunum

130 636 282 698 addiderat
302 647 477 719 poteratque
499 653 571 713 puer
594 634 765 714 iuvenisque
786 635 889 698 rideri:

130 721 215 783 multi
237 720 321 783 illum
343 720 472 790 iuvenes,
495 717 602 780 multae
624 720 743 800 cupiere
765 718 888 798 puellae.

130 806 183 867 sed
206 804 262 867 luit
284 806 315 866 in
339 814 438 865 tenera
461 815 517 863 tam
539 802 611 865 dura
632 803 769 885 superbia
791 803 894 876 lorma,

130 889 206 951 nulli
228 888 312 950 illum
334 889 464 959 iuuenes,
480 886 576 949 nullae
599 891 721 968 tetigero
744 888 866 969 puellae.

131 973 258 1054 adspicit
279 973 360 1033 hunc
382 971 512 1052 trepidos
532 973 689 1052 agitantem
711 974 742 1035 in
764 973 838 1034 retia
859 990 961 1035 certos

129 1057 238 1119 vocalis
261 1057 401 1136 nymphe,
423 1075 498 1137 quae
521 1077 575 1120 nec
597 1059 720 1122 reticere
740 1056 883 1139 loquenti,

130 1160 187 1204 nec
208 1140 291 1222 prior
312 1141 376 1221 ipsa
397 1140 479 1223 loqui
501 1143 610 1218 didicit,
631 1143 805 1206 resonabilis
824 1141 916 1204 Echo.

129 1243 240 1305 corpus
261 1225 357 1286 adhuc
379 1225 470 1301 Echo,
493 1247 553 1290 noo
575 1247 631 1289 vox
652 1240 724 1302 erat,
745 1240 775 1291 et
796 1237 892 1290 tamen
915 1244 1001 1288 usum

129 1308 245 1389 garrula
269 1328 330 1372 non
351 1311 451 1386 alium,
473 1331 560 1393 quam
583 1332 663 1375 nunc
685 1314 782 1386 habet,
804 1313 864 1374 oris
885 1310 1019 1384 habebat,

128 1393 251 1456 reddere
273 1397 309 1457 de
331 1396 431 1459 multis
453 1407 487 1458 ut
507 1397 594 1459 rerba
616 1398 772 1459 nouissima
794 1407 901 1478 posset.

128 1479 238 1542 lecerat
259 1480 317 1542 hoc
338 1480 423 1555 luno,
446 1501 520 1561 quae
542 1501 580 1543 ne
601 1483 782 1562 deprendere
804 1492 904 1560 posset

127 1565 184 1626 sub
206 1564 274 1626 loro
295 1584 383 1647 saepe
404 1584 458 1626 suo
481 1566 623 1645 nymphas
645 1566 675 1625 in
698 1575 798 1625 monte
818 1565 955 1640 iacentes,

128 1649 178 1711 illa
200 1651 284 1711 deam
306 1649 396 1728 longo
419 1650 548 1729 prudens
569 1667 705 1710 sermone
728 1649 854 1722 tenebat,

127 1735 198 1796 dum
221 1734 358 1813 lugerent
380 1733 533 1813 nymphae.
578 1743 731 1814 postquam
754 1733 888 1796 Saturnia
910 1736 1011 1810 sensit,

124 1812 236 1881 ‘huius’
259 1817 301 1880 ait
320 1811 461 1896 ‘linguae
483 1837 540 1898 qua
562 1837 626 1878 sum
649 1818 759 1891 delusa,
782 1829 910 1899 potestas

128 1921 217 1985 parta
239 1901 292 1963 tibi
314 1901 441 1974 dabitur,
461 1903 600 1982 vocisque
621 1903 809 1964 brevissimus
831 1899 929 1964 usus’:

127 2005 221 2067 reque
243 1986 338 2047 minas
360 1987 469 2048 llrmat:
492 1997 589 2049 tamen
611 1989 683 2049 haec
704 1989 735 2049 in
758 1988 817 2048 fine
839 1987 977 2068 loquendi

129 2071 292 2151 ingeminat
313 2089 400 2133 voces
420 2073 575 2152 auditaque
596 2073 681 2134 verba
703 2081 842 2153 reportat.

129 2175 199 2236 ergo
223 2156 273 2219 ubi
295 2155 461 2218 Narcissum
484 2177 537 2236 per
558 2157 638 2218 deria
660 2177 729 2219 rura
750 2166 900 2236 vagantem

128 2241 201 2303 vidit
223 2250 250 2302 et
272 2240 403 2314 incaluit,
426 2243 558 2321 sequitur
580 2243 699 2322 vestigia
720 2243 830 2312 lurtim,

13 2319 16 2326 ’
129 2344 249 2407 qnoque
264 2327 357 2404 magis
378 2326 520 2406 sequitur,
542 2328 657 2388 flamma
679 2327 818 2406 propiore
839 2325 966 2398 calescit,

130 2429 191 2472 non
213 2410 307 2482 aliter,
330 2429 417 2491 qnam
440 2430 506 2472 cum
528 2413 649 2473 summis
671 2411 833 2473 circumlita
856 2412 946 2473 taedis

128 2495 261 2557 admotas
283 2496 403 2577 rapiunt
425 2496 529 2558 vivacia
551 2497 692 2576 sulphura
713 2497 853 2558 flammas.

128 2599 146 2640 o
170 2579 307 2659 quotiens
329 2580 419 2642 voluit
440 2581 555 2642 blandis
576 2583 714 2643 accedere
736 2581 820 2642 dictis

128 2675 159 2726 et
181 2663 285 2726 molles
306 2665 444 2726 adhibere
466 2684 583 2746 precesz
607 2677 708 2728 natura
733 2676 877 2747 repugnat

129 2768 185 2811 nec
207 2750 288 2822 sinit,
310 2749 441 2831 incipiat.
484 2751 544 2824 sed,
567 2753 646 2830 quod
667 2751 747 2824 sinit,
769 2750 816 2811 illa
839 2759 937 2831 parata
959 2760 1005 2812 est

129 2843 282 2915 expectare
304 2853 405 2907 sonos,
426 2835 461 2897 ad
484 2854 559 2914 quos
580 2854 632 2896 sua
655 2836 740 2897 uerba
762 2836 897 2897 remittat.

128 2920 205 2981 lorte
229 2938 303 2999 puer
324 2920 464 2981 comitum
486 2921 623 2981 seductus
644 2921 680 2982 ab
702 2921 817 3000 agmine
839 2920 907 2993 fido,

129 3005 241 3065 dixerat
258 2997 374 3084 ‘ecquis
395 2999 505 3066 adestl'
530 3017 559 3066 et
578 2997 669 3067 ‘adest
679 3005 696 3066 l'
721 3005 911 3086 responderat
932 3003 1023 3065 Echo.
1150 3010 1195 3062 336

196 3225 244 3275 351
265 3153 380 3289 uadtqltilg
392 3225 430 3273 ter
448 3220 474 3272 ll
520 3237 577 3273 nam
596 3227 715 3289 quatere
760 3221 894 3289 cephesios
911 3217 1025 3273 annosi
1078 3221 1127 3272 364
1140 3218 1193 3271 dira

127 3388 140 3421 r
192 3374 242 3425 358
260 3373 370 3441 priusll
422 3372 579 3424 resonablllis
597 3372 622 3424 lll
675 3375 724 3427 too
738 3304 866 3492 qqqqme
924 3375 974 3426 ³62
992 3387 1058 3440 quae
1077 3387 1107 3424 ue
1126 3376 1196 3424 roni.

126 3439 248 3506 umttey,
265 3441 325 3508 quia
342 3455 400 3492 cum
418 3441 493 3492 codd.
545 3441 730 3508 deprehendere
814 3444 863 3494 363
880 3445 921 3492 sic
937 3439 978 3492 CB
1027 3455 1086 3492 cum
1104 3440 1195 3492 iores

127 3508 178 3561 tut
196 3507 308 3576 prudens
326 3508 403 3575 longo
421 3527 435 3559 a
485 3511 533 3562 365
554 3514 688 3576 postquam
706 3509 753 3562 lroc
770 3510 792 3560 ,t
810 3507 846 3574 (ll
864 3512 882 3560 ι’.
899 3512 933 3574 r.)
989 3511 1039 3562 366
1057 3507 1164 3575 decepta
1182 3527 1196 3558 a

128 3577 179 3630 368
192 3579 286 3640 lamen]
299 3581 398 3628 tantum
410 3581 479 3630 corti.
488 3578 599 3629 Botulus
649 3580 696 3630 ott
718 3577 772 3630 loru
790 3580 817 3642 (u
834 3594 851 3628 a
868 3593 903 3629 m.
914 3593 967 3629 roc.
979 3577 1166 3642 redintegrat.)
1179 3572 1195 3626 3

1061 3664 1067 3675 ·
1108 3663 1114 3675 ·
1154 3661 1194 3694 κε

128 3731 179 3782 372
198 3726 362 3796 propriore).
429 3732 479 3782 374
495 3729 569 3779 eicG
621 3727 749 3780 admotam
766 3759 800 3768 -
819 3730 974 3782 flammans
1024 3661 1175 3798 iesptlilthm³

120 3880 156 3928 M
204 3883 258 3932 380
275 3882 361 3948 etquis
378 3881 400 3932 R
435 3882 540 3950 hecquis
558 3877 573 3931 l.
593 3812 662 3932 'heic
678 3882 736 3948 quis
753 3900 766 3932 a
