2692 4230
126 105 167 167 34
581 114 735 172 hlE'lhhlhl.
1075 134 1197 175 unitione

125 285 251 350 volvitur
272 286 301 349 in
324 306 464 370 praeceps
486 287 637 367 longoque
659 306 713 367 per
734 298 801 351 aera
824 300 916 370 tractu
1154 302 1199 353 tm
1265 323 1269 330 >

127 371 229 447 lemur,
251 381 286 435 ut
307 373 453 435 interdum
475 372 512 432 de
534 370 614 431 eaelo
638 370 722 432 atella
744 390 849 437 sereno

127 458 181 518 etei
203 476 264 519 non
288 459 400 531 cecidit,
422 455 521 537 potuit
542 453 685 516 cecidisse
705 456 806 517 rideri.

126 560 214 622 quem
237 542 340 624 procul
362 561 379 603 a
401 539 495 621 patria
516 537 630 600 diverso
653 541 796 601 maximus
817 544 889 605 orbe

127 627 234 707 excipit
256 626 400 689 Eridanus
421 622 622 703 fumantiaque
643 623 733 686 abluit
756 642 817 699 ora,

127 712 227 774 naides
248 710 404 792 Hesperiae
426 706 520 767 trifida
543 707 684 769 fumantia
705 709 821 770 damma

126 815 250 877 corpora
272 796 341 857 dant
362 789 491 863 tumulo;
514 790 633 870 signant
654 811 773 874 quoque
795 796 925 859 carmine
949 816 1068 860 saxum:

124 873 186 942 ‘hic
207 881 282 941 situs
304 887 345 939 est
368 875 533 949 Phaethon,
555 893 661 938 currus
683 878 783 956 auriga
807 881 937 957 paterni:

126 983 214 1045 quem
237 966 260 1025 si
284 980 343 1023 non
367 961 471 1033 tenuit,
493 960 609 1037 magnis
630 970 727 1023 tamen
750 962 857 1023 excidit
878 961 976 1026 ausis?

128 1067 194 1111 nam
217 1056 299 1128 pater
321 1043 473 1114 obductos,
495 1042 576 1105 luctu
599 1046 775 1107 miserabilis
796 1063 895 1125 aegro,

127 1132 296 1194 condiderat
316 1127 430 1189 vultus:
454 1139 492 1202 et,
514 1129 538 1189 ai
560 1130 650 1190 modo
672 1131 829 1205 credimus,
855 1150 948 1193 unum

126 1218 184 1279 isse
206 1215 282 1275 diem
303 1214 366 1274 sine
389 1211 450 1274 sole
473 1212 588 1275 ierunt:
611 1214 746 1277 incendia
768 1215 868 1278 lumen

127 1298 304 1381 praebebant
324 1298 488 1379 aliquisque
509 1298 585 1360 malo
608 1299 664 1362 luit
685 1320 756 1363 usus
779 1301 809 1362 in
832 1301 892 1364 illo.

211 1386 247 1445 m
269 1383 407 1464 Clymene
428 1393 583 1465 postquam
606 1385 678 1447 dixit
700 1405 903 1468 quaecumque
928 1387 1047 1449 luerunt

126 1471 157 1531 in
180 1469 268 1531 tantis
288 1469 409 1531 dicenda
432 1469 524 1542 malis,
547 1469 681 1549 lugubris
703 1484 733 1534 et
753 1490 855 1534 amens

127 1564 157 1616 et
178 1554 284 1617 laniata
305 1554 387 1616 sinus
409 1563 503 1614 totum
526 1556 694 1634 percensuit
717 1556 836 1632 orbem;

127 1640 331 1720 exanimesque
352 1649 433 1699 artus
455 1638 560 1718 primo,
583 1657 651 1700 mox
673 1658 738 1702 ossa
760 1640 915 1722 requirens

126 1725 267 1806 repperit,
289 1741 354 1784 ossa
377 1733 472 1783 tamen
496 1725 650 1802 peregrina
673 1726 789 1787 condita
812 1727 886 1807 ripa,

125 1808 318 1888 incubuitque
340 1807 405 1867 loco
428 1823 597 1886 nomenque
619 1809 649 1867 in
673 1827 819 1870 marmore
841 1810 948 1873 lectum

128 1894 256 1974 perfudit
279 1891 405 1954 lacrimis
427 1900 457 1950 et
478 1900 580 1969 aperto
603 1901 723 1971 pectore
745 1894 824 1955 lovit.

130 1997 184 2038 nec
206 1979 304 2037 minus
325 1974 460 2035 Heliades
482 1974 586 2053 lugent
607 1986 647 2047 et,
670 1977 767 2038 inania
789 1979 891 2039 mortiv

127 2080 259 2132 munera,
282 2061 350 2120 dant
372 2059 515 2132 lacrimas,
539 2071 568 2120 et
589 2078 690 2122 caesae
712 2074 830 2142 pectora
854 2062 958 2142 palmis

128 2166 188 2208 non
212 2146 379 2207 auditurum
403 2144 523 2205 miseras
545 2144 727 2207 Phaethonta
749 2148 895 2227 querellas

129 2241 216 2294 nocte
237 2231 341 2309 dieque
364 2240 465 2289 rocam
488 2230 757 2311 adsternunturque
778 2231 924 2312 sepulcro.

127 2316 198 2379 luna
220 2325 321 2396 quater
344 2313 450 2375 iunctis
472 2313 597 2393 inplerat
619 2317 760 2378 cornibus
782 2317 900 2378 orbem:

128 2402 194 2463 illae
216 2418 298 2461 more
319 2418 373 2460 suo
394 2401 474 2473 (nant
497 2416 608 2458 morem
632 2401 740 2462 lecerat
769 2400 851 2483 usus)

128 2487 299 2566 plangorem
323 2484 471 2545 dederant.
516 2484 620 2563 equis
642 2484 817 2559 Phaethusa,
833 2505 974 2548 sororum

128 2571 261 2643 maxima,
284 2586 350 2630 cum
372 2567 456 2628 vellet
480 2577 555 2628 terra
578 2570 782 2649 procumbere,
805 2582 906 2651 questa
929 2581 970 2632 est

128 2656 289 2735 deriguisse
311 2653 409 2734 pedes.
452 2653 487 2713 ad
510 2672 597 2732 quam
620 2665 724 2716 conata
752 2656 851 2717 venire

129 2741 250 2803 eandida
273 2738 421 2818 Lampetie
443 2737 536 2799 subita
559 2739 655 2799 radice
679 2751 790 2801 retenta
813 2752 865 2802 est.

128 2826 222 2898 tertia,
243 2842 311 2886 oum
333 2824 443 2884 crinem
466 2823 601 2884 manibus
624 2824 733 2885 laniare
760 2835 885 2905 pararet,

129 2910 222 2972 avellit
245 2909 381 2982 frondes;
405 2907 475 2968 haec
498 2908 597 2987 stipite
620 2927 704 2970 crura
728 2910 832 2982 teneri,

129 2995 177 3057 illa
198 2994 278 3057 dolet
299 2993 361 3054 lieri
383 2991 489 3070 longos
510 3011 562 3053 sua
583 2993 718 3055 bracchia
745 3012 849 3056 ramos.

129 3081 257 3160 dumque
279 3098 311 3140 ea
334 3078 488 3150 mirantur,
509 3076 706 3158 conplectitur
728 3079 848 3157 inguina
870 3087 981 3153 cortex,

129 3183 240 3247 perque
262 3162 367 3243 gradus
388 3172 503 3222 uterum
526 3171 688 3242 pectusque
711 3181 887 3243 umerosque
909 3182 1072 3244 manusque

129 3248 228 3324 ambit,
250 3259 279 3310 et
300 3245 450 3310 exstabant
471 3256 585 3307 tantum
609 3266 659 3308 ora
681 3248 813 3310 vocantia
835 3257 966 3309 matrem.
1153 3257 1197 3306 355
1274 3304 1277 3309 .

128 3334 198 3415 quid
221 3333 304 3395 iaciat
325 3342 426 3402 mater,
449 3332 514 3403 nisi,
538 3351 596 3411 qno
621 3335 713 3395 trahat
735 3335 862 3414 impetus
889 3332 977 3403 illam,

197 3502 245 3552 325
265 3496 367 3550 naiades
385 3516 400 3553 ς
451 3498 598 3565 spumancia
617 3496 632 3549 l
693 3501 743 3551 326
763 3499 914 3568 signentque
933 3499 982 3551 hoc
1001 3500 1058 3551 eod.
1076 3500 1195 3550 Bmolin.

363 3581 467 3634 lteuuit
951 3591 1017 3636 terra
1086 3584 1180 3651 lripa²

129 3660 191 3705 saxu
209 3649 235 3703 hl
304 3653 352 3703 323
382 3650 488 3702 rexita
558 3654 607 3704 329
625 3650 692 3721 nam]
710 3649 783 3704 'lul
851 3655 899 3706 337
918 3653 1007 3720 ripasllpl
1024 3653 1049 3704 hl
1096 3647 1196 3705 terrai

129 3718 407 3840 dtulngengiletuse
453 3721 501 3772 341
516 3718 635 3772 irrneme
669 3712 907 3784 caetisrrantm
924 3723 1096 3788 tamor-gt:
1115 3717 1196 3782 listhl

129 3791 178 3841 345
195 3802 265 3840 more
293 3786 536 3851 rolsuoecmiolhl
580 3791 628 3841 ott
643 3793 749 3840 lernaea
783 3793 875 3840 terrae
892 3791 992 3853 (eom.
1008 3782 1197 3851 recentior-eli

127 3855 351 3921 ³48diriguisses
402 3854 637 3921 349iampetiaehl
672 3853 817 3931 iiapeciel
851 3858 980 3924 papetiea
1031 3856 1197 3912 octontuta
