2692 4230
135 124 178 187 24
595 134 750 191 uarium.

136 305 273 381 uaduet,
296 308 397 384 orarit,
419 310 481 371 veri
503 308 559 369 sibi
581 307 666 385 signa
688 308 830 387 parentis.
899 366 902 373 .

136 390 317 489 ambiguum,
340 393 489 473 Clymene,
510 389 650 487 precibus
672 390 866 455 Phaethontis
886 412 924 456 an
947 394 989 456 ira

136 485 215 538 motu
237 477 331 556 magia
353 477 422 540 dicti
445 477 501 539 sibi
524 473 667 549 criminis,
689 484 815 556 ubsque
837 477 919 540 eaelo

135 559 272 623 bracchia
295 562 436 667 porrexit,
456 570 652 660 spectansque
675 560 710 621 ad
734 559 847 622 lumina
869 562 942 625 solis

134 637 201 726 ‘per
222 645 307 708 iubar
328 642 392 708 hoo'
418 643 516 725 inquit
535 635 669 703 ‘radiis
661 644 779 723 insigne
802 648 944 721 coruscis,

137 740 215 805 uate,
237 730 319 792 tibi'
312 750 389 805 turo,
411 729 491 810 quod
514 744 571 788 nos
592 727 732 808 auditque
753 728 901 810 videtque,

136 816 194 876 hoc
216 825 254 890 te,
277 832 365 895 quem
387 823 513 910 spectas,
536 812 594 872 hoc
615 821 654 883 te,
678 812 729 890 qui
752 823 896 893 temperat
921 816 1033 893 orbem,

136 898 206 960 Sole
228 911 333 962 satum
377 898 401 959 si
422 898 490 958 licta
513 894 630 975 loquor,
654 906 748 992 neget·
763 896 827 993 ipse
848 896 1005 961 videndum

135 1002 168 1045 e
135 985 273 1059 mrlu
295 984 391 1062 sitque
413 981 509 1042 oculis
530 980 580 1042 lux
603 981 657 1042 ista
681 980 838 1042 novissima
862 982 981 1043 nostris.

136 1086 192 1130 nec
213 1068 321 1146 longus
342 1066 453 1147 patrios
475 1064 559 1127 labor
581 1074 624 1127 est
647 1064 699 1126 tibi
723 1084 812 1127 nosse
833 1074 972 1147 penates:

135 1153 215 1213 unde
237 1152 342 1224 oritur,
364 1150 470 1213 domus
492 1159 537 1212 est
559 1159 656 1212 terrae
678 1150 862 1212 contermina
886 1160 1013 1213 nostrae.

136 1235 271 1297 simodo
295 1235 351 1296 lert
372 1235 500 1311 animus,
522 1236 652 1315 gradere,
676 1244 706 1297 et
727 1235 871 1298 scitabere
892 1235 929 1298 ab
954 1230 1039 1317 ipso?

136 1319 242 1381 emicat
264 1319 410 1401 extemplo
432 1321 527 1383 laetus
548 1330 617 1403 post
638 1320 706 1383 talia
729 1320 832 1383 matris

135 1403 213 1466 diota
235 1423 305 1467 suae
327 1404 479 1469 Phaethon
502 1416 530 1468 et
553 1407 685 1489 concipit
707 1408 825 1469 aethera
848 1415 947 1469 mente

136 1488 356 1572 Aethiopasque
377 1510 449 1554 suos
470 1492 643 1590 positosque
666 1492 721 1554 sub
743 1491 863 1572 ignibus
887 1492 977 1555 ludos

136 1573 257 1638 sidereis
279 1576 382 1638 transit
405 1578 577 1658 patriosque
599 1577 688 1638 adit
679 1577 806 1658 impiger
831 1588 923 1639 ortus

571 1845 777 1856 *-

441 2105 444 2109 <
462 2060 603 2146 LIBER
631 2060 887 2147 SECUNDUS.

219 2266 309 2343 Regia
331 2265 402 2326 solis
424 2275 486 2327 erat
508 2265 686 2328 sublimibus
710 2267 776 2331 alta
790 2267 946 2343 columnis,

134 2349 212 2412 clara
234 2351 360 2411 micante
382 2369 454 2411 auro
477 2351 668 2431 flammasque
690 2353 824 2413 imitante
855 2371 984 2433 pyropo:

134 2436 219 2497 cuius
241 2434 315 2496 ebur
338 2434 460 2496 nitidum
484 2435 598 2514 fastigia
621 2454 734 2497 summa
758 2436 883 2517 tegebat,

134 2519 248 2599 argenti
270 2519 380 2580 bifores
400 2518 551 2582 radiabant
573 2521 685 2582 lumine
708 2521 814 2582 valvae.

135 2605 285 2666 materiam
308 2605 465 2685 superabat
488 2624 579 2685 opus:
603 2625 670 2667 nam
693 2605 839 2667 Mulciber
861 2604 922 2667 illic

135 2708 262 2771 aequora
284 2689 408 2751 caelarat
429 2690 539 2751 medias
561 2690 708 2770 cingentia
732 2699 825 2752 terras

134 2784 337 2855 terrarumque
359 2774 460 2836 orbem
484 2775 656 2855 caelumque
680 2776 759 2856 quod
782 2776 906 2837 inminet
930 2775 1005 2837 orbi.

134 2858 286 2921 caeruleos
308 2859 393 2921 habet
418 2861 495 2922 unda
518 2862 598 2932 deos,
621 2861 742 2922 Tritona
766 2879 909 2922 canorum

134 2944 299 3025 Proteaque
320 2944 490 3024 ambiguum
515 2945 765 3026 balaenarumque
788 2955 971 3027 prementem

133 3030 288 3109 Aegaeona
309 3029 373 3091 suis
394 3030 521 3091 inmania
544 3040 625 3108 terga
649 3030 766 3092 lacertis

134 3113 300 3195 Doridaque
322 3122 352 3176 et
373 3124 465 3189 natas,
487 3132 610 3195 quarum
633 3135 702 3196 pars
725 3133 796 3176 nare
817 3115 941 3188 ridetur,

133 3218 203 3280 para
224 3199 254 3260 in
276 3199 355 3260 mole
376 3200 482 3261 sedens
504 3200 610 3262 virides
632 3201 744 3262 siccare
770 3198 902 3279 capillos,

133 3284 216 3364 pisce
236 3284 303 3346 vehi
326 3285 484 3364 quaedam;
507 3285 596 3346 iacies
620 3304 680 3345 non
705 3284 843 3346 omnibus
865 3301 934 3355 una,

134 3386 195 3431 non
219 3368 331 3431 diversa
355 3378 471 3445 tamen;
497 3370 611 3450 qualem
635 3370 719 3431 decet
742 3388 805 3430 esse
826 3385 972 3430 sororum.

201 3572 251 3625 765
269 3570 391 3638 ambigui
407 3576 447 3623 est
464 3570 489 3622 Μ
519 3572 582 3688 (m.v
580 3587 633 3622 reo.
651 3570 768 3621 alterum
785 3586 803 3621 u
821 3572 935 3621 mutauit
952 3571 981 3619 in
999 3567 1017 3633 i)
1089 3569 1138 3621 toa
1158 3581 1210 3635 que

134 3687 219 3744 omi
287 3693 336 3746 168
363 3686 467 3742 iubati
518 3689 639 3756 ιοηῃεοίε
663 3687 689 3739 ll
758 3687 952 3741 llsllxrmcrr
975 3699 1067 3738 nmen·
1078 3699 1105 3738 1
1098 3699 1210 3737 rumara

132 3755 293 3812 amovet
342 3753 561 3824 ll,bteoebatl
614 3753 800 3809 bmulcileri
855 3753 1208 3809 §intereundo-canorum

124 3827 185 3946 ogd
201 3798 485 3946 applippppumqneM
522 3821 775 3893 ballaenarumquei.
829 3829 858 3877 ll
874 3818 1056 3890 (lorcidaquel
1090 3821 1210 3874 videntur
