2692 4230
130 167 247 210 comeus.
276 169 465 210 reprehensuros
523 138 524 141 ¹
558 156 610 222 llil,
627 159 771 212 453-543.

132 324 225 388 exitus
246 326 277 388 in
298 326 388 389 dnbio
412 334 472 387 est:
494 324 543 387 alii
564 325 619 390 suh
641 327 739 390 inania
758 331 871 410 'eorpus
903 322 908 331 ’

130 407 249 473 Tartara
271 411 421 472 detrusum
443 408 581 473 silvarum
603 413 681 475 mole
703 413 847 489 ferebant,

130 493 233 559 ahnuit
253 493 429 576 Ampycides
450 495 607 578 medioque
628 518 663 560 ex
685 517 790 578 aggere
812 498 898 560 inleis
990 518 995 524 ·

130 580 304 643 viditatem
326 576 433 658 pennis
455 577 581 662 liquidas
598 584 682 645 'exire
703 583 759 645 suh
781 602 877 657 auras,

132 663 299 744 quaemihi
320 673 393 723 tuno
414 664 553 744 primum,
577 677 648 729 tuno
669 676 713 728 est
735 677 892 748 conspecta
915 686 1097 751 supremum.

130 749 207 811 hano
229 748 278 810 ubi
301 746 473 811 lustrantem
495 751 555 813 leni
577 770 629 813 sua
651 760 745 813 eastra
766 752 863 813 volatu

130 834 252 915 Mopsus
274 841 303 892 et
325 833 439 912 ingenti
462 836 573 897 oironm
596 836 734 912 clangore
755 847 909 897 sonantem

131 915 272 998 adspexit,
295 917 464 999 pariterque
485 920 591 981 animis
613 919 765 998 oculisque
787 931 906 981 secutus

132 1020 170 1078 „o
193 999 301 1073 salve“‚
323 1002 395 1064 dixit
417 1003 612 1084 „Lapithaeae
633 1003 725 1083 gloria
747 1003 853 1083 gentis,

130 1085 254 1146 maxime
276 1086 320 1148 uir
341 1088 500 1168 quondam,
521 1088 572 1149 sed
596 1107 677 1150 nuno
697 1089 758 1150 aris
778 1089 875 1159 unica,
898 1086 1052 1151 Caeneul“

132 1168 240 1231 eredita
261 1189 310 1232 res
331 1181 451 1234 auotore
472 1190 528 1234 suo
551 1181 605 1235 est.
648 1173 733 1235 dolor
754 1174 862 1236 addidit
883 1173 967 1247 iram,

132 1271 366 1336 oppressumque
388 1275 475 1336 aegre
496 1257 618 1320 tulimus
638 1270 683 1320 tot
704 1258 739 1320 ah
762 1259 897 1320 hostibus
918 1276 1022 1320 unurn.

132 1358 187 1402 neo
209 1341 292 1421 prins
312 1341 479 1404 abstitimus
500 1344 578 1404 lerro
601 1361 737 1405 exeruere
758 1343 900 1415 dolorem,

132 1443 219 1505 quam
241 1426 308 1487 data
330 1445 398 1506 pars
419 1426 489 1498 leto,
510 1437 623 1506 partem
645 1428 712 1506 luga
736 1445 855 1507 noxque
876 1427 1032 1488 removit“

212 1509 295 1571 'llaeo
316 1510 394 1571 inter
414 1510 554 1590 Lapithas
580 1523 610 1573 et
630 1511 839 1573 semihomines
861 1510 1025 1574 Centauros

133 1594 253 1674 proelia,
275 1595 474 1674 Tlepolemus,
497 1595 579 1676 Pylio
601 1597 758 1670 referente,
780 1595 912 1658 dolorem

132 1677 282 1759 praeteriti
302 1678 420 1741 Aloidae
442 1679 531 1742 tacito
553 1700 615 1743 non
637 1681 759 1763 pertulit
781 1700 831 1743 ore

132 1774 219 1843 atque
241 1762 295 1824 ait:
316 1756 491 1827 ‘llereuleae
511 1767 617 1827 mirum
641 1777 687 1827 est
708 1765 813 1828 ohlivia
835 1765 930 1827 laudis

132 1857 195 1908 aeta
217 1847 281 1922 tibi,
304 1849 413 1910 senior.
458 1860 537 1912 certe
558 1850 630 1912 mihi
652 1869 739 1931 saepe
760 1851 870 1912 referre

133 1931 297 2012 nubigenas
318 1933 445 1996 domitos
466 1954 484 1997 a
505 1954 538 1996 se
558 1944 642 2017 pater
663 1954 728 1998 esse
749 1929 880 1998 solebat?

134 2016 225 2078 tristis
247 2018 283 2078 ad
295 2015 370 2080 haeo
391 2018 508 2099 Pylinsz
533 2020 622 2101 „quid
646 2039 693 2082 me
714 2020 884 2082 meminisse
904 2018 1049 2081 malorum

133 2103 214 2181 rogis
235 2112 263 2163 et
285 2102 428 2164 obductos
449 2105 536 2166 annis
556 2106 724 2166 rescindere
746 2104 843 2166 luctus

134 2188 224 2266 inque
246 2196 331 2248 tuum
353 2188 518 2267 genitorem
541 2190 640 2251 odium
663 2190 848 2270 offensasque
870 2186 978 2249 lateri?

134 2270 183 2331 ille
205 2270 322 2351 quidem
343 2272 453 2335 maiora
474 2275 542 2349 lide,
565 2275 610 2335 dil
633 2275 724 2354 gessit
744 2283 773 2336 et
788 2273 889 2335 orbem

134 2355 254 2436 inplevit
276 2357 397 2432 meritis,
419 2360 498 2440 quod
519 2359 635 2420 mallem
657 2377 744 2439 posse
767 2377 890 2438 negare:

133 2441 184 2501 sed
205 2460 302 2521 neque
323 2442 508 2523 Delphohnm
531 2462 587 2504 neo
608 2443 814 2523 Polydamanta
836 2459 892 2504 neo
913 2441 1011 2522 ipsum

134 2525 260 2588 lleotora
281 2527 441 2589 laudamus.
486 2528 553 2608 quis
578 2528 656 2589 enim
679 2527 838 2589 laudaverit
859 2523 998 2588 hostem?

134 2608 182 2671 ille
205 2622 273 2672 tuus
294 2611 410 2690 genitor
432 2613 576 2674 Messenia
599 2614 713 2674 moenia
737 2611 884 2691 qnondam

134 2696 232 2757 stram
254 2706 283 2757 et
305 2697 456 2758 inmeritas
478 2698 566 2759 urbes
586 2697 714 2776 Elinque
736 2696 898 2777 Pylumque

134 2780 223 2842 diruit
244 2780 335 2861 inque
355 2799 438 2844 meos
458 2782 568 2844 ferrum
592 2783 797 2862 flammamque
819 2791 941 2862 penates

134 2865 251 2946 inpulit.
295 2875 385 2945 utque
406 2866 479 2928 alios
502 2878 624 2940 taceam,
647 2886 723 2945 qnos
744 2867 793 2928 ille
816 2865 952 2947 peremit,

134 2950 179 3011 his
201 2969 251 3011 sex
273 2950 392 3012 Nelidae
413 2953 533 3022 luimus,
556 2962 713 3033 conspecta
736 2952 890 3012 iuventus:

134 3035 179 3095 his
201 3054 250 3095 sex
276 3035 429 3097 llerouleis
451 3038 630 3110 oeciderunt,
652 3057 698 3097 me
721 3037 819 3097 minus
842 3054 913 3106 uno,

132 3154 335 3163 ..Φ-.-

201 3205 251 3255 ils
270 3201 436 3254 retrusumhl
500 3207 549 3256 519
568 3204 655 3254 annuit
672 3204 797 3271 Amphye.
814 3200 841 3253 Μ
906 3201 956 3251 530
973 3197 1092 3266 liquidos]
1111 3193 1127 3249 li
1148 3198 1203 3265 qui·

135 3270 191 3321 dem
209 3269 234 3320 Μ
257 3273 285 3332 (ι’.
304 3287 324 3321 e.
346 3270 451 3338 liquidi)
519 3274 566 3323 521
593 3285 626 3322 m.
650 3271 718 3336 tune]
738 3276 790 3322 tum
808 3269 833 3322 Μ
904 3267 984 3319 luerat
1002 3271 1138 3345 conspecta
1157 3282 1202 3317 uo-

134 3338 242 3393 lneris:
303 3345 363 3390 tunc
382 3345 419 3390 est
438 3355 460 3390 c.
479 3339 590 3390 volucris
608 3337 632 3389 Μ
675 3353 837 3405 supremum
856 3336 917 3388 Aut.
980 3336 1030 3385 532
1048 3334 1083 3384 thr
1102 3334 1205 3384 Meri-el

134 3407 214 3457 lei-ie
278 3407 327 3458 533
346 3406 494 3459 clamoren
559 3408 678 3472 clangore
696 3408 783 3456 Heius.
846 3408 895 3458 533
915 3404 999 3454 enimo
1017 3409 1090 3457 ests
1151 3405 1200 3454 533

135 3472 248 3525 auditore
265 3474 282 3525 h
338 3477 388 3526 530
408 3474 494 3540 lugete
512 3474 537 3526 Μ
596 3477 645 3527 532
665 3476 692 3526 tli
713 3475 811 3527 olemus
828 3472 853 3525 Μ
907 3469 1106 3538 tryptolemuse
1159 3471 1203 3520 tri-

135 3541 297 3608 ptolemnsh
349 3545 398 3594 533
416 3544 501 3595 eaoioo
520 3560 555 3594 ee
572 3543 660 3610 poeieo
678 3491 711 3594 Μ
755 3545 805 3595 536
823 3543 890 3604 esse]
908 3538 998 3606 ipseh
1052 3541 1102 3592 535
1120 3537 1203 3589 oeulis

135 3660 292 3763 restinguere
308 3693 333 3747 Μ
403 3695 573 3779 rqseisoereh
617 3625 815 3747 lqeeqqqqqqqq⁸
884 3695 934 3773 540
953 3690 1058 3756 digessit
1077 3689 1105 3774 lt
1171 3688 1201 3740 Iti

135 3764 214 3829 gessit
232 3781 281 3815 em.
298 3764 387 3814 Ham.
445 3779 554 3847 ‘quoqne
571 3765 650 3829 gessit
661 3783 683 3841 ¹s
746 3766 793 3842 ill
814 3759 935 3826 uegsrrh
998 3761 1046 3811 532
1066 3758 1203 3876 deqphoe·

134 3830 234 3951 litii
278 3831 503 3967 ''tlttittttn
529 3827 951 3966 “dimidii{tihmliiidi
964 3825 1019 4003 ‘2¹1¹
1040 3825 1101 3944 eid
1114 3841 1217 3939 dih

963 3981 1002 4018 ns
