2692 4230
130 129 214 166 uuum
572 116 623 180 Vll,
640 117 766 169 98-164.

131 282 162 344 in
185 298 277 368 caput
298 289 451 353 Haemonii
473 286 585 347 iuvenis
606 294 743 368 torquere
764 294 912 369 parantes,

130 368 276 434 demisere
297 384 378 436 metu
397 371 569 451 vultumque
590 373 779 454 animumque
801 372 925 452 Pelasgi.

131 453 196 535 ipsa
219 476 341 538 quoquc
362 455 505 527 extimuit,
528 475 602 537 quae
623 466 717 520 tutum
739 458 849 519 lecerat
869 457 963 532 illum,

132 547 225 620 utque
247 543 308 622 peti
329 540 401 602 vidit
421 540 554 603 iuvenem
577 552 620 604 tot
641 542 677 603 ab
700 540 833 604 hostibus
854 561 958 618 unum,
1161 555 1203 606 135

130 625 238 705 palluit
260 634 289 686 et
311 623 408 686 subito
431 625 495 688 sine
516 627 658 706 sanguine
682 625 785 703 lrigida
807 626 897 701 sedit3

132 727 206 772 neve
228 727 334 790 parum
354 709 468 774 valeant
489 731 506 774 a
527 731 558 773 se
580 713 643 773 data
666 709 807 788 gramina,
834 727 952 772 carmen

130 793 273 854 auxiliare
295 793 375 855 canit
397 808 581 878 secretasque
601 795 720 856 advocat
742 804 827 855 artes.

131 876 181 938 ille
203 895 321 956 gravem
343 881 456 943 medios
478 881 588 943 silicem
611 879 752 940 iaculatus
774 878 805 939 in
827 879 927 942 hostes

129 979 147 1021 a
170 978 203 1021 se
219 961 377 1042 depulsum
400 965 520 1028 blartem
543 963 686 1024 convertit
707 963 738 1023 in
761 962 852 1043 ipsos.

131 1044 299 1124 terrigenae
320 1061 447 1131 percunt
467 1067 521 1130 per
542 1057 642 1109 mutua
663 1048 784 1109 vulnera
806 1048 912 1111 iratres

132 1129 271 1211 civilique
292 1135 402 1197 cadunt
422 1133 493 1194 acie.
536 1141 687 1213 gratantur
707 1132 809 1195 Achivi

128 1216 331 1300 victoremque
350 1225 455 1280 tenent
474 1217 622 1299 avidisque
643 1217 825 1300 amplexibus
846 1218 978 1281 haerent.

129 1311 162 1364 tu
185 1321 306 1384 quoque
327 1303 467 1364 victorem
490 1302 656 1384 complecti,
678 1302 810 1375 barbara,
831 1303 937 1364 velles:

131 1382 259 1472 [obstitit
279 1388 399 1467 incepto
422 1389 526 1470 pudor.
569 1398 599 1450 at
620 1389 771 1469 complexa
792 1383 911 1472 luisses]

130 1473 182 1534 sed
204 1483 244 1545 te,
268 1490 306 1533 ne
327 1473 449 1547 laceres,
471 1472 566 1533 tenuit
586 1473 747 1534 reverentia
768 1472 871 1533 lamae.

130 1557 211 1638 quod
233 1556 313 1630 licet,
335 1556 450 1618 adiectu
472 1558 558 1619 tacito
580 1557 696 1618 laetaris
716 1557 837 1637 agisque

130 1641 313 1704 carminibus
335 1652 432 1720 grates
454 1651 484 1704 et
505 1643 550 1704 dis
571 1642 738 1704 auctoribus
759 1642 876 1703 horum.

215 1726 391 1806 Pervigilem
412 1737 546 1807 superest
566 1727 666 1789 herbis
687 1727 785 1808 sopire
810 1728 978 1800 draconem,

129 1812 181 1891 qui
203 1812 291 1873 orista
313 1811 483 1892 linguisque
504 1811 597 1873 trihus
618 1812 781 1893 praesignis
803 1821 832 1874 et
853 1811 939 1874 uncis

129 1896 272 1958 dentibus
293 1896 459 1957 horrendus
480 1905 580 1959 custos
602 1907 663 1959 erat
683 1896 796 1959 arboris
816 1916 933 1959 aureae.

130 1980 213 2042 hunc
234 1992 393 2062 postquam
414 1982 521 2062 sparsit
541 1983 658 2044 Lethaei
681 1983 813 2062 gramine
833 1983 896 2044 suci

131 2066 279 2147 verbaque
301 2075 346 2126 ter
368 2065 441 2127 dixit
460 2066 590 2146 placidos
612 2067 745 2128 facientia
768 2084 898 2140 somnos,

130 2170 207 2230 quae
228 2169 309 2213 mare
333 2151 490 2224 turbatum,
513 2170 587 2233 quae
608 2153 723 2213 concita
744 2150 867 2213 llumina
889 2150 1007 2226 sistunt,

130 2253 255 2298 somnus
277 2237 307 2296 in
331 2235 448 2314 ignotos
469 2237 571 2298 oculos
592 2237 648 2298 sibi
669 2238 809 2309 venit,'et
830 2255 903 2298 auro

130 2321 220 2382 heros
242 2321 389 2382 Aesonius
410 2321 530 2402 potitur.
573 2322 727 2403 spolioque
749 2322 896 2401 superbus

129 2406 264 2467 muneris
287 2414 437 2467 auctorem
458 2424 568 2480 secum,
590 2405 682 2488 spolia
703 2404 803 2479 altera,
826 2415 949 2486 portans

129 2489 224 2552 victor
245 2490 388 2552 lolciacos
409 2491 503 2570 tetigit
525 2509 591 2554 cum
614 2491 739 2570 coniuge
759 2500 873 2572 portus.
967 2526 970 2532 -

217 2575 397 2637 Haemoniae
417 2586 526 2638 matres
548 2595 601 2658 pro
625 2577 719 2655 gnatis
740 2576 817 2638 dona
838 2575 967 2655 receptis

129 2662 347 2740 grandaevique
369 2662 467 2723 lerunt
488 2671 585 2742 patres
607 2672 804 2740 congestaque
826 2660 942 2721 hamma

128 2754 196 2807 tura
219 2745 423 2825 liquefaciunt,
446 2747 621 2826 inductaque
643 2745 782 2807 cornibus
803 2764 909 2807 aurum

129 2829 246 2891 victima
269 2840 334 2891 vota
357 2831 444 2893 eadit.
487 2833 538 2892 sed
559 2832 640 2892 abest
661 2829 843 2910 gratantibus
866 2832 974 2906 deson,

130 2915 187 2975 iam
211 2916 334 2996 propior
356 2914 414 2976 lcto
437 2917 590 2996 fessusque
612 2915 753 2977 senilibus
775 2916 870 2976 annis.

130 3018 198 3060 cum
221 3001 265 3060 sic
287 3000 462 3062 Aesonides:
482 2996 513 3060 ‘o
536 3003 584 3062 eui
607 3001 712 3062 debere
733 3000 856 3061 salutem

199 3170 248 3219 raa
268 3151 407 3218 truital'u
461 3171 508 3220 115
521 3167 594 3233 aereis
605 3167 630 3218 lu
672 3166 812 3220 11514511
848 3163 996 3219 incertae
1027 3166 1203 3236 complexa).

130 3252 153 3285 r.
163 3236 212 3286 145
223 3235 273 3285 del.
284 3237 387 3299 Ileinse,
401 3237 450 3287 145
460 3241 486 3285 et
498 3237 547 3287 146
559 3240 588 3285 in
601 3239 775 3301 suspicionem
789 3242 953 3286 uocauerunt
964 3236 1056 3301 Haupt
1066 3243 1092 3288 ct
1103 3237 1205 3288 Merkel

132 3305 178 3354 141
199 3303 463 3369 aspectu—sectaris
480 3308 513 3355 oi.
525 3303 626 3355 Merkel
677 3308 721 3356 151
742 3304 828 3354 arietis
847 3305 915 3356 aurei
929 3305 1019 3356 Heius.
1074 3309 1121 3358 152
1139 3309 1203 3356 sies

129 3437 216 3488 ethl³
234 3443 263 3489 in
281 3455 367 3504 marg.
418 3440 567 3491 carmineh
638 3437 798 3492 15115311
853 3396 1201 3506 15515551351155155.

128 3592 249 3711 yffi&
250 3592 321 3711 1(ἕὲξί
329 3592 451 3645 Vossiun.
461 3594 583 3658 llea'nsr’i),
601 3593 675 3644 ubih
729 3595 775 3645 158
789 3526 953 3702 cholehiapzpsi}
967 3593 993 3646 bl
1042 3595 1174 3662 cecropios
1187 3590 1203 3645 4

158 3729 294 3794 cecropius
320 3747 346 3795 c,
364 3745 412 3781 ern.
425 3729 508 3796 llapb.
520 3729 617 3795 llegr‘ro
679 3731 725 3781 159
744 3712 844 3806 {natis
863 3733 940 3792 (erue⁸
959 3733 985 3797 g)
1003 3729 1028 3782 hl
1097 3731 1164 3783 natis
1187 3748 1203 3786 e

130 3831 176 3882 161
198 3833 228 3881 in
245 3847 363 3896 murga
426 3831 588 3900 indullltaque
605 3834 681 3897 (erus.
700 3846 714 3882 e
732 3832 773 3882 uel
789 3831 808 3896 l)
827 3830 852 3883 ll
913 3829 1087 3900 indutaquel
1154 3836 1200 3887 162

129 3896 199 3949 radit
217 3899 305 3951 Heius.
358 3900 458 3951 factitii
