2692 4230
159 144 200 204 42
636 148 787 206 dissultat.

159 320 258 384 laurea
280 323 400 405 delapsa
422 330 467 385 cst
488 322 587 385 audito
609 319 732 381 crimine
753 321 888 398 amantis,

158 417 187 468 ct
210 407 321 489 pariter
341 409 500 488 vultusque
520 407 576 467 deo
599 403 803 483 plectrumque
824 406 965 505 colorque

159 492 274 554 excidit.
320 505 413 574 utque
434 491 551 553 animus
572 487 681 549 tumida
703 488 832 550 lerrebat
852 490 919 553 ab
911 512 963 566 rra,

158 595 237 639 arma
259 578 380 640 adsueta
403 576 480 656 rapit
501 574 668 652 flexumque
689 591 706 633 a
727 573 867 635 cornibus
888 595 988 639 arcum

158 663 254 724 tendit
277 672 305 722 et
327 663 376 724 illa
397 678 453 722 suo
475 657 585 719 totiens
607 675 673 718 cum
697 669 815 739 pectore
837 658 936 723 iuncta

157 747 317 808 indevitato
340 744 455 808 traiecit
477 752 596 823 pectora
618 743 686 803 telo.

155 832 213 892 icta
236 831 317 892 dedit
337 828 489 909 gemitum,
512 835 664 907 tractoque
685 847 702 889 a
724 844 850 908 corpore
872 827 950 889 lcrro

156 917 278 977 candida
302 914 431 1016 puniceo
453 910 583 991 perludit
603 913 733 974 membra
755 931 859 974 cruore

157 1012 185 1061 et
208 1001 296 1061 dixit.
318 991 416 1077 ‘potui
439 1014 551 1093 poenas
573 998 637 1071 tibi,
660 997 787 1097 Phoebe,
810 996 933 1071 dedisse,

156 1086 207 1146 sed
233 1082 385 1163 peperisse
407 1081 505 1161 prius:
528 1081 586 1144 duo
610 1101 690 1145 nunc
711 1084 872 1145 moriemur
892 1082 923 1143 in
945 1077 1023 1144 una?

156 1170 310 1239 hactenus,
333 1174 362 1226 et
383 1166 494 1246 pariter
516 1168 601 1229 vitam
624 1187 693 1230 curn
714 1168 858 1247 sanguine
879 1165 962 1229 ludit.

156 1269 266 1331 corpus
289 1250 379 1312 inane
399 1251 515 1315 animae
536 1254 630 1332 frigus
652 1252 736 1314 letale
758 1263 891 1315 secutum
915 1260 968 1314 est.

241 1335 376 1397 Paenitet
397 1336 455 1398 heu
477 1356 543 1399 sero
566 1355 679 1417 poenae
701 1336 827 1398 crudelis
847 1348 1003 1413 amantem,

155 1439 256 1500 seque,
280 1422 359 1501 quod
381 1422 517 1495 audierit,
542 1422 620 1501 qnod
642 1420 685 1481 sic
707 1421 855 1491 exarserit,
877 1424 954 1498 odit;

155 1506 216 1567 odit
237 1524 331 1581 avem,
353 1525 517 1587 perquam
540 1505 652 1567 crimen
675 1522 849 1584 causamque
871 1506 988 1569 dolendi

154 1591 229 1652 scire
252 1600 373 1653 coactus
395 1600 467 1664 erat,
490 1610 546 1653 nec
569 1609 629 1652 non
651 1608 810 1669 arcumque
832 1606 1010 1671 manumque

155 1676 227 1750 odit,
251 1694 380 1756 cumque
401 1693 492 1737 manu
514 1675 666 1736 temeraria
688 1674 743 1736 tela
765 1674 898 1753 sagittas3

153 1761 385 1841 conlapsamque
407 1761 485 1822 louet
506 1778 630 1840 seraque
653 1778 709 1839 ope
730 1760 846 1820 vincere
868 1760 925 1822 lata

152 1846 257 1906 nititur
280 1855 309 1906 et
331 1844 460 1905 medicas
481 1855 597 1906 exercet
619 1845 746 1905 inaniter
767 1854 853 1905 artes.

153 1948 228 2009 quae
250 1938 408 2009 postquam
432 1929 539 1989 lrustra
561 1937 708 2008 temptata,
731 1946 894 2007 rogumque
916 1927 1010 2010 parari

152 2013 223 2074 vidit
246 2025 274 2074 et
297 2031 416 2074 arsuros
437 2013 584 2094 supremis
606 2013 724 2092 ignibus
745 2023 834 2085 artus,

153 2108 215 2159 turn
238 2116 308 2158 vero
331 2098 459 2177 gemitus
480 2102 589 2178 (neque
610 2098 689 2159 enim
711 2097 844 2159 caelestia
868 2096 961 2177 tingui

153 2202 203 2244 ora
226 2183 296 2244 licet
318 2183 457 2257 lacrimis)
479 2183 538 2244 alto
560 2184 596 2243 de
619 2184 707 2244 corde
729 2183 837 2262 petitos

152 2268 242 2329 edidit
265 2267 342 2328 haud
365 2267 458 2349 aliter,
481 2287 567 2348 quam
591 2286 658 2329 cum
680 2277 831 2348 spectante
853 2267 972 2329 iuvenca

151 2352 288 2414 lactentis
309 2351 392 2413 rituli
415 2353 514 2413 dextra
536 2352 660 2414 libratus
681 2352 717 2413 ab
739 2371 809 2413 aure

151 2448 287 2518 tempora
308 2437 431 2497 dicussit
454 2437 533 2498 claro
556 2455 623 2499 cara
647 2437 768 2499 malleus
790 2438 859 2498 ictu.

152 2534 185 2584 ut
207 2533 304 2583 tamen
329 2522 461 2600 ingratos
482 2523 512 2583 in
536 2532 654 2603 pectora
677 2523 750 2583 ludit
772 2523 879 2583 odores

151 2619 181 2668 et
202 2607 284 2668 dedit
305 2607 458 2687 amplexus
481 2607 647 2687 iniustaque
671 2609 745 2668 iusta
767 2608 889 2687 peregit,

151 2712 212 2753 non
230 2691 297 2753 tulit
320 2691 351 2751 in
374 2691 488 2752 cineres
510 2691 568 2752 labi
590 2711 641 2753 sua
665 2690 799 2753 Phoebus
821 2691 939 2753 eosdem

150 2777 272 2849 semina,
295 2777 347 2837 sed
371 2786 473 2838 natum
496 2777 620 2838 llamrnis
642 2786 784 2856 uteroque
806 2776 937 2857 parentis

151 2862 260 2942 eripuit
282 2861 452 2941 geminique
474 2862 541 2923 tulit
562 2862 698 2924 Chironis
721 2863 750 2922 in
773 2871 908 2935 antrum3

149 2958 380 3028 sperantemque
402 2946 457 3007 sibi
481 2966 542 3008 non
565 2946 653 3008 lalsae
674 2947 802 3028 praemia
823 2946 942 3025 linguae

150 3033 228 3094 inter
249 3049 316 3092 ares
337 3029 420 3092 albas
441 3032 532 3093 vetuit
552 3033 713 3093 consistere
736 3050 866 3092 corvum.

236 3114 363 3177 Semiler
384 3115 495 3177 interca
517 3116 631 3178 divinae
652 3116 752 3196 stirpis
773 3116 892 3177 alumno

151 3201 248 3262 laetus
271 3211 334 3262 erat
356 3201 508 3281 mixtoque
530 3202 614 3262 oneri
635 3202 778 3280 gaudebat
793 3202 916 3261 bonore.

150 3305 219 3346 ecce
241 3287 321 3346 venit
342 3285 441 3346 rutilis
463 3304 581 3346 umeros
604 3294 735 3367 protecta
758 3286 870 3365 capillis
1179 3292 1222 3341 635

150 3370 209 3432 fllia
232 3369 384 3444 Centauri,
407 3389 494 3451 quarn
517 3371 664 3453 quondam
688 3372 814 3452 nympha
837 3369 970 3432 Chariclo

217 3523 267 3573 600
290 3518 369 3571 rich
422 3521 517 3572 amanti
536 3522 624 3572 Helos.
692 3459 822 3589 efflqqqrqr:
841 3519 866 3571 bl
938 3522 986 3572 603
1011 3519 1119 3598 capitu
1154 3518 1221 3584 rapit

148 3589 238 3639 Helm.
308 3591 360 3641 606
384 3588 463 3639 er'cA
515 3588 656 3641 aruluere
681 3588 755 3640 editt.
823 3590 871 3640 601
896 3587 1073 3655 perinndit-
1091 3586 1191 3639 liuore
1208 3603 1243 3637 a.

148 3658 198 3709 614
217 3650 326 3710 culmen
339 3653 364 3705 bl
414 3658 463 3709 618
482 3659 559 3757 aqtes]
572 3656 694 3709 herboso
739 3659 788 3710 620
806 3657 878 3706 sich
908 3655 987 3709 sensit
998 3654 1080 3708 robob
1092 3602 1129 3706 «3
1140 3653 1223 3707 Statu

152 3789 349 3843 recursitat
385 3723 543 3860 orribilebbitl
588 3794 636 3846 021
657 3788 750 3844 tunel
795 3752 1006 3859 cattactinttsr
1048 3720 1176 3845 62llibusta
1195 3789 1221 3842 th
1315 3826 1319 3836 .

121 3919 260 3976 bostae¹
311 3925 445 3980 cabade
489 3931 540 3985 666
553 3924 707 3982 chexictolll
726 3928 821 3983 cariclc
836 3923 851 3980 λ
867 3927 965 3996 cagcie
990 3943 1060 3979 corr
1073 3926 1221 3980 Potitiorum
