2692 4230
108 168 172 230 344
540 178 555 223 .ῖ
568 173 725 229 1814114.
887 181 1058 228 rrrnsuonts.
1091 190 1184 229 444444

109 344 236 409 inmutat
256 348 364 411 lormas
386 346 535 426 tellusque
556 352 588 406 et
610 342 753 424 quioquid
775 344 806 406 in
826 347 877 409 illa
899 344 955 409 est.
1137 356 1183 406 455

109 448 165 492 nos
186 451 314 514 quoque,
336 450 406 514 pars
425 428 541 502 mundi,
558 427 707 508 quoniam
729 444 791 489 non
814 447 938 512 corpora
961 429 1066 503 solum,

107 534 207 578 rerum
230 519 316 580 etiam
338 516 473 576 volucres
494 510 610 573 animae
632 529 747 586 sumus,
767 511 860 592 inque
881 517 991 579 lerinas

107 619 263 681 possumus
285 602 329 663 ire
349 599 455 661 domos
475 595 684 694 pecudumque
705 595 737 692 in
760 613 885 676 corpora
907 602 1007 664 condi.

106 689 494 846 tltltnttrttttt
509 680 960 831 ttttntllttt'tttm
1135 779 1182 830 n

105 863 157 916 aut
177 853 330 915 hominum
353 859 443 923 certe,
466 858 529 912 tuta
553 867 619 912 ease
640 860 672 912 ct
692 851 816 912 honesta
838 850 971 915 sinamus

106 956 180 1000 nere
201 934 353 1015 Thyesteis
374 932 560 997 cumulemus
581 935 693 997 viscera
714 935 836 997 mensis.

106 1039 192 1103 quam
214 1020 290 1081 male
312 1019 490 1094 consuescit,
512 1037 602 1099 quam
623 1038 657 1082 se
678 1028 763 1102 parat
784 1018 834 1080 ille
854 1022 954 1083 cruori

105 1106 205 1186 inpius
225 1105 366 1178 humano,
387 1103 469 1165 rituli
492 1104 545 1185 qui
566 1115 684 1183 guttura
706 1105 786 1167 lerro

104 1188 215 1268 rumpit
236 1198 265 1250 et
287 1188 413 1250 inmotas
435 1187 556 1269 praebet
577 1190 740 1269 mugitibus
761 1207 857 1264 aures,

105 1282 156 1336 aut
176 1273 226 1354 qui
248 1273 362 1351 vagitus
382 1273 494 1335 similes
515 1273 681 1355 puerilibus
700 1275 828 1339 haedum

105 1357 239 1420 edentem
262 1357 395 1436 iugulare
416 1367 523 1440 potest,
545 1369 598 1422 aut
619 1358 688 1422 alite
708 1361 798 1434 44441,

105 1442 152 1504 cui
173 1442 252 1504 dedit
273 1443 337 1523 ipse
359 1443 458 1505 oibosl
481 1455 626 1524 quantum
648 1453 703 1518 est,
725 1446 805 1526 quod
827 1444 902 1507 desit
923 1444 954 1506 in
977 1445 1041 1508 istis
1072 1473 1075 1477 ·

104 1527 139 1589 ad
162 1527 283 1608 plenum
308 1525 444 1590 lacinus?
465 1546 526 1608 quo
548 1529 690 1591 transitus
710 1530 781 1590 iude
802 1528 945 1610 paratur?

103 1611 159 1675 bos
180 1622 242 1674 aret
261 1622 312 1674 aut
333 1622 459 1674 mortem
481 1612 652 1674 senioribus
672 1613 791 1692 inputet
811 1616 909 1691 annis,
951 1647 953 1651 v
1134 1629 1180 1680 tro

104 1697 280 1759 horriferum
303 1705 407 1759 contra
429 1695 539 1757 borean
564 1696 627 1757 ovis
649 1713 729 1758 arma
751 1697 908 1772 ministret,

105 1781 196 1844 ubera
218 1781 288 1843 dent
310 1789 424 1842 saturae
446 1780 586 1842 manibus
608 1780 768 1862 pressanda
782 1782 930 1862 ‘capellae

104 1866 175 1928 retia
198 1882 266 1926 cum
288 1865 401 1946 pedicis
422 1865 605 1946 laqueosque
627 1874 764 1946 artesque
786 1865 903 1929 dolosas
992 1892 993 1896 ¹

63 2023 68 2034 Ι
106 1948 197 2011 tollite
219 1968 274 2011 nec
295 1949 445 2011 volucrem
465 1951 575 2013 viscata
597 1950 690 2012 lallite
712 1950 802 2030 uirga,

104 2052 161 2097 nec
182 2034 345 2097 formidatis
367 2052 468 2096 cervos
490 2034 616 2097 inludite
637 2034 757 2115 pennis,
1134 2049 1179 2100 445

107 2137 162 2182 nec
184 2119 275 2180 celate
296 2117 371 2182 cibis
391 2137 488 2181 uncos
510 2118 665 2181 fallacibus
686 2120 799 2181 hamos.

104 2203 227 2285 perdite,
248 2204 331 2284 siqua
354 2213 474 2300 nocent,
495 2220 597 2265 verum
620 2203 702 2300 haee·
715 2222 835 2284 quoque
857 2204 971 2308 perdite
993 2216 1123 2269 tautum:

105 2306 155 2351 om
177 2287 925 2454 offis„seqqggealnrffignirgqtqchgroswetqrrqaqqofi⁸

104 2457 134 2520 in
157 2457 280 2539 patriam
303 2475 448 2520 remeasse
470 2457 571 2520 ierunt
592 2456 733 2538 ultroque
757 2459 881 2539 petitum
1133 2471 1179 2524 lto

104 2542 251 2623 accepisse
271 2541 397 2605 Numam
421 2543 524 2623 populi
547 2542 668 2605 Latialis
689 2542 829 2605 habenas.

103 2626 229 2705 coniuge
252 2627 301 2706 qui
324 2626 394 2688 lelix
416 2628 546 2708 nympha
567 2627 756 2708 ducibusque
777 2628 914 2690 Camenis

103 2711 251 2773 merificus
272 2710 371 2772 docuit
392 2712 467 2773 ritus
488 2722 670 2793 gentemque
692 2713 783 2775 leroci

102 2796 250 2858 adsuetam
273 2794 350 2857 hello
374 2796 454 2877 pacis
477 2796 604 2858 traduxit
625 2797 662 2858 ad
683 2806 771 2859 artes

103 2880 154 2961 qui
176 2889 331 2962 postquam
354 2881 455 2942 senior
476 2898 664 2962 regnumque
685 2899 848 2962 aerumque
869 2881 994 2962 peregit,
1132 2893 1177 2945 luo

104 2965 277 3027 exstinctum
302 2965 458 3046 Latiaeque
481 2984 576 3028 nurus
597 2964 789 3047 populusque
811 2976 968 3048 patresque

104 3050 244 3111 deflevere
265 3049 399 3112 Numam.
443 3068 511 3113 nam
534 3052 667 3114 coniunx
689 3050 765 3113 urbe
786 3051 887 3114 relicta

102 3134 185 3196 vallis
206 3133 341 3197 Aricinae
363 3135 463 3197 densis
485 3136 557 3198 latet
577 3135 675 3198 abdita
697 3135 778 3198 silvis

103 3236 244 3299 sacraque
266 3217 405 3282 Oresteae
427 3229 534 3300 questu
557 3221 729 3300 gemituque
752 3220 860 3282 Dianae

169 3371 219 3422 455
239 3367 315 3422 tellus
333 3376 360 3422 et
377 3387 412 3421 ee
428 3370 568 3422 nonnullis
585 3370 663 3422 codd.
680 3369 764 3422 Morte.
833 3373 884 3424 458
902 3371 927 3422 in
945 3385 1052 3440 corpora
1069 3372 1086 3423 lr
1110 3376 1176 3422 teste

101 3434 190 3488 1144444
258 3437 309 3490 458
326 3437 461 3504 possinth
530 3440 580 3491 444
603 3437 763 3490 cumulemur
780 3437 868 3490 114444.
936 3440 986 3492 484
1008 3440 1175 3492 censueritis

102 3502 179 3556 illalr
248 3505 299 3557 454
316 3511 420 3571 guttura
438 3505 497 3557 edd.
515 3510 579 3558 vett.
640 3520 782 3573 corporae
843 3503 922 3574 ferro]
939 3504 1056 3559 cultroh
1124 3511 1174 3560 485

102 3586 206 3623 aurasr
265 3574 316 3627 488
334 3574 399 3640 ipse]
417 3573 496 3625 illelr
550 3575 576 3624 in
595 3572 682 3626 illish
743 3575 794 3627 458
812 3576 874 3643 quo]
892 3573 971 3643 quila
1031 3576 1078 3627 411
1098 3573 1174 3628 borea

103 3639 209 3706 porlslr
261 3639 414 3692 horrendum
431 3657 454 3695 c.
473 3640 551 3694 borea
569 3642 618 3693 bos
636 3654 705 3693 arma
724 3658 739 3692 r
789 3641 976 3695 4124441544
994 3647 1093 3694 nturae
1104 3658 1175 3709 pres

102 3706 193 3760 surah
245 3709 296 3760 413
312 3711 385 3763 oter
430 3709 635 3775 laqueosrllerl.
687 3712 737 3763 415
750 3709 944 3766 formidantesc
995 3713 1044 3763 411
1060 3711 1174 3776 signalr¹

101 3773 244 3842 41444411ι
296 3778 346 3829 418
364 3777 429 3839 mit]
447 3777 545 3829 ritiah
602 3779 653 3897 tr?
672 3777 730 3829 aliis
746 3776 824 3831 dictis
840 3779 913 3833 instr.
931 3782 1065 3846 pectorer
1116 3793 1176 3845 pee-

661 3851 732 3898 artes

90 3913 149 3962 tore
166 3908 267 3966 diritlr
321 3915 369 3970 481
391 3911 521 3968 latiaris·
575 3915 627 3970 484
662 3927 764 3968 essese
819 3915 869 3967 488
887 3912 984 3979 gemitu
1001 3920 1175 3982 questuques
