2692 4230
88 167 150 231 342
519 174 703 230 ,3919999999

88 363 188 410 nonne
209 346 291 410 rides
312 366 388 430 quos
410 365 476 409 cera
497 343 752 424 tegit'sexanqula
773 347 849 411 letus

87 431 295 496 melliferarum
318 432 428 512 apium,
449 428 516 490 sine
537 427 681 489 memhris
702 445 826 510 corpora
849 433 929 496 nasci

87 517 392 671 statuerunt
411 511 728 592 ‘m
742 515 883 678 recol

86 687 324 767 armigerumque
346 681 421 742 lovis
444 679 710 762 Cythereiadasque
732 680 882 745 columbas

87 781 116 834 et
137 789 231 852 genus
254 784 343 829 omne
365 766 460 827 avium
482 765 588 828 mediis
610 784 627 828 e
648 765 781 848 partibus
802 766 859 842 ori,

87 856 118 918 ni
139 855 225 917 sciret
249 851 323 924 lieri,
346 850 412 931 quis
434 851 515 912 naam
538 869 626 933 posse
649 848 787 933 putaret?

86 948 156 1003 sunt
178 937 238 1018 qui,
266 953 333 997 cnm
356 934 456 996 clauso
479 935 643 1017 putrefacta
665 944 712 998 est
734 935 818 1016 spina
840 936 1007 1016 sepulchro,

85 1023 190 1086 mutari
213 1020 336 1082 credant
356 1019 502 1082 humanas
522 1038 621 1100 angue
642 1019 795 1083 medullas.

51 1114 60 1128 ·
84 1109 158 1169 haec
180 1114 279 1167 tamen
303 1122 337 1165 ex
360 1104 425 1166 aliis
446 1105 566 1184 generis
587 1104 748 1187 primordia
770 1105 899 1167 ducuntr

86 1208 144 1253 una
166 1200 220 1264 est,
244 1207 319 1271 qnae
341 1199 458 1269 reparet
479 1207 571 1270 seque
592 1190 657 1272 ipsa
678 1189 846 1262 reseminet,
868 1187 938 1252 ales

84 1273 187 1420 azqrtii
209 1274 492 1421 Phff⁰⁰ip³ff⁰⁰t³¹¹¹⁸
537 1276 707 1423 ¹¹⁰.¹¹.J‘¹¹⁸⁰
729 1293 826 1374 neque
848 1273 955 1348 herbis,

85 1378 100 1420 s
174 1377 235 1421 uris
266 1377 386 1421 acmmrs
408 1377 425 1421 e
459 1377 532 1422 suco
553 1378 611 1422 rrrr
645 1379 765 1424 amomr.

85 1444 157 1506 haec
178 1442 229 1506 uhi
252 1443 386 1525 quinque
406 1463 478 1507 suae
500 1443 650 1527 conplevit
670 1445 787 1509 saecula
808 1445 893 1518 ritae,

43 1568 51 1578 -
84 1526 162 1591 ilicet
184 1528 215 1590 in
239 1528 327 1592 ramis
349 1531 551 1611 tremulaeque
572 1531 727 1593 cacumine
749 1529 862 1612 palmae

85 1612 235 1693 unguibus
256 1623 286 1677 et
307 1632 383 1696 puro
406 1615 509 1676 nidum
531 1613 589 1675 sibi
612 1615 760 1676 construit
780 1633 841 1676 ore.

84 1717 144 1780 quo
165 1698 253 1760 simul
274 1717 310 1760 ac
332 1697 423 1759 casias
445 1707 476 1759 et
497 1697 583 1759 nardi
605 1696 683 1759 lenis
703 1698 807 1758 aristas
872 1736 876 1743 -

84 1801 247 1864 quassaque
269 1799 337 1844 cnm
360 1780 439 1844 lulra
459 1781 619 1844 substravit
640 1782 776 1844 cinnama
798 1799 907 1857 murra,

81 1866 871 2033 ht¹ttlttt¹llll¹tt⁰lttltllhttlh

83 2054 208 2118 corpore
230 2037 266 2098 de
289 2036 387 2118 patrio
408 2054 530 2117 parrum
554 2036 700 2117 phoenica
720 2034 847 2098 renasci.

83 2139 150 2184 cum
172 2121 251 2184 dedit
272 2121 344 2183 hnic
365 2129 444 2183 aetas
464 2121 551 2194 vires,
574 2120 717 2201 unamque
740 2121 864 2183 terendo
886 2130 941 2195 est,

83 2205 264 2288 ponderibus
287 2205 348 2267 nidi
370 2223 469 2268 ramos
491 2205 567 2268 levat
587 2205 703 2267 arboris
724 2204 801 2267 altae

82 2292 197 2372 fertque
219 2290 287 2372 pius
310 2309 461 2370 cunasque
483 2308 552 2352 suas
573 2289 762 2371 patriumque
783 2287 983 2371 sepulchrum.

82 2392 194 2456 perque
216 2373 295 2437 leves
316 2393 403 2437 auras
424 2374 606 2456 Hyperionis
627 2374 703 2437 urhe
724 2374 835 2455 potitus

82 2469 150 2522 aute
173 2460 251 2522 iores
272 2478 371 2522 sacras
392 2459 574 2540 Hyperionis
595 2460 669 2522 aede
689 2460 818 2541 reponit.

82 2545 106 2606 si
130 2555 227 2606 tamen
250 2556 295 2606 est
317 2544 427 2625 aliquid
451 2545 543 2607 mirae
565 2543 704 2607 novitatis
723 2544 755 2606 in
778 2544 852 2616 istis,

82 2628 226 2692 alternare
248 2631 326 2691 vices
348 2641 378 2690 et
401 2648 476 2710 qnae
498 2629 587 2691 modo
609 2629 720 2692 femina
742 2636 826 2709 tergo

81 2731 166 2795 passa
186 2732 298 2775 marem
320 2722 375 2788 est,
399 2733 480 2776 nunc
503 2733 567 2776 esse
588 2731 699 2777 marem
722 2712 863 2775 miremur
884 2714 1034 2794 hyaenam.

82 2799 111 2860 id
134 2815 262 2879 quoque,
287 2799 366 2879 qnod
388 2800 484 2861 ventis
504 2798 614 2860 animal
636 2797 768 2860 nutritur
789 2807 820 2860 et
840 2816 920 2872 aura,

80 2883 218 2965 protinus
239 2882 405 2958 adsimulat,
427 2883 524 2963 tetigit
546 2900 752 2964 quoscumque
773 2882 897 2945 colores.

80 2967 154 3030 victa
176 2968 349 3030 racemifero
371 2967 473 3048 lyncas
494 2967 575 3030 dedit
597 2967 681 3030 ludia
703 2967 836 3029 Baccho:

82 3071 99 3113 e
120 3051 237 3134 quihus,
261 3063 294 3115 ut
316 3063 491 3127 memorant,
514 3052 656 3133 quicquid
677 3051 773 3114 vesica
794 3051 917 3125 remisit,

81 3137 202 3199 vertitur
223 3137 254 3199 in
278 3137 391 3218 lapides
411 3146 443 3199 et
464 3136 602 3215 congelat
623 3147 691 3199 aere
714 3145 802 3199 tacto.

79 3223 124 3283 sic
146 3233 174 3284 et
195 3222 349 3296 curalium,
373 3241 432 3302 quo
454 3223 584 3302 primum
606 3220 734 3300 contigit
754 3240 840 3283 auras

82 3317 223 3388 tempore,
246 3306 389 3369 durescit:
412 3306 512 3368 mollia
533 3307 590 3368 luit
610 3306 703 3369 herba
724 3306 780 3368 sub
803 3306 899 3368 undis.

82 3391 195 3455 desinet
216 3401 285 3454 ante
307 3392 370 3453 dies
391 3402 421 3454 et
444 3393 475 3453 in
497 3391 557 3453 alto
580 3390 718 3453 Phoebus
739 3390 861 3454 anhelos

78 3476 209 3558 'aequore
230 3477 344 3555 tinguet
367 3494 470 3558 equos,
494 3493 582 3558 quam
605 3493 773 3557 consequar
794 3475 891 3537 omnia
915 3474 1007 3537 rerhis

149 3646 199 3697 396
215 3642 412 3711 cythereiasque
431 3643 447 3694 h
518 3645 568 3697 393
592 3657 640 3695 nec
663 3643 694 3695 lr.
713 3643 794 3695 uech
862 3657 910 3694 uec
931 3641 960 3694 lr.
979 3656 1060 3710 neque
1077 3639 1155 3693 illese

80 3713 131 3764 399
147 3710 218 3764 ilicet
236 3709 264 3763 C.
281 3710 366 3763 Barth
427 3710 531 3767 iliciss
593 3709 748 3764 tremulaese
766 3727 802 3762 ee
819 3710 906 3763 limus.
924 3709 999 3762 codd.
1016 3708 1154 3762 mansellis

79 3776 168 3842 disan
191 3782 276 3830 tolum
301 3793 406 3830 onerans
430 3778 599 3830 abiudicavit
620 3780 654 3830 ab
675 3779 771 3831 Ouidio
787 3778 901 3830 Surdior·
968 3780 1017 3831 399
1035 3791 1154 3846 myrtus

79 3849 184 3899 tuaest
204 3862 286 3898 orrea
356 3846 569 3912 l05patriurnh
639 3849 691 3899 409
711 3844 957 3913 tergotoenarh
1021 3845 1154 3899 lllassi·

64 3913 177 3969 milallr
230 3918 283 3972 alo
302 3913 462 3975 continue
514 3917 563 3972 ll'l
583 3913 739 3969 subilllslt
