2692 4230
107 118 170 182 292
518 174 524 187 ,
561 125 732 192 llll‘llllll.¹

109 316 176 360 cum
198 300 323 372 caderet,
345 298 475 381 castique
496 296 586 357 decus
608 313 723 358 servare
743 300 874 378 pudoris.

107 383 236 446 'l'roades
259 385 407 466 excipiunt
429 380 656 461 deploratosque
676 392 832 446 recensent

108 467 269 532 Priamidas
290 478 319 532 et
341 466 419 549 quod
441 462 553 526 dederit
574 464 679 525 domus
698 482 757 527 uua
779 470 902 544 cruoris,

107 564 197 635 teque
216 560 349 634 gemunt,
370 551 462 627 virgo,
484 555 583 628 teque,
606 567 623 609 o
647 549 733 610 modo
754 551 833 629 regia
854 554 994 629 coniunx,

108 640 187 718 regia
210 639 286 700 dicta
307 651 424 717 parens,
446 631 531 695 usiae
552 633 685 696 florentis
705 635 812 713 imago,

108 742 190 786 nunc
213 723 299 783 ctiam
321 717 446 799 praedae
467 718 542 780 mala
564 737 640 794 sors,
661 737 748 801 qnam
769 718 862 780 victor
882 721 980 785 Ulixes

107 825 172 870 esse
194 824 275 868 suam
299 802 402 877 nollet,
424 801 481 864 nisi
503 804 582 884 quod
604 813 700 866 lamen
723 803 849 865 Hectora
870 816 956 884 partu

108 891 254 953 edideras:
277 887 430 949 dominum
451 889 536 951 matri
558 891 605 952 vix
626 889 757 971 repperit
779 887 897 950 llector.

108 994 183 1057 qnae
205 991 314 1053 corpus
336 973 478 1055 conplexa
499 975 615 1037 animae
636 985 694 1037 tam
717 974 801 1035 lortis
823 973 920 1047 inane,

109 1077 182 1140 quas
203 1057 311 1119 totiens
333 1059 442 1139 patriae
463 1059 583 1122 dederat
604 1060 737 1140 natisque
758 1058 889 1138 viroque,

107 1144 176 1205 huic
198 1159 316 1223 quoque
337 1143 386 1204 dat
406 1143 550 1205 lacrimas.
593 1144 727 1207 lacrimas
749 1143 781 1205 iu
802 1141 921 1205 vulnera
943 1143 1040 1205 lundit

107 1227 266 1307 osculaque
288 1246 340 1289 ore
360 1227 433 1306 tegit
453 1235 654 1310 consuetaque
675 1239 793 1311 pectora
814 1227 927 1309 plangit

108 1312 303 1394 canitiemque
325 1329 406 1372 suam
430 1319 569 1373 concreto
592 1313 623 1372 in
646 1315 790 1392 sanguine
810 1331 929 1375 verrens

131 1396 195 1458 lura
218 1396 350 1479 quidem,
371 1395 423 1456 sed
446 1396 568 1458 ethaeo
591 1396 699 1458 laniato
721 1409 842 1479 pectore
862 1397 944 1460 dixit.

120 1491 198 1558 nata,
220 1492 289 1543 tuae
308 1479 393 1561 (quid
413 1480 491 1543 enirn
513 1478 682 1563 superest‘l)
702 1481 788 1545 dolor
809 1483 910 1545 ultime
931 1481 1041 1556 matris,

107 1576 184 1642 nata,
206 1567 293 1641 iaces,
314 1566 458 1647 uideoque
478 1574 574 1643 tuum,
596 1585 660 1628 mea
681 1565 812 1640 vulnera,
833 1568 947 1630 mlnus.

105 1664 145 1727 et,
169 1671 206 1713 ue
227 1649 406 1732 perdiderim
428 1668 605 1732 quemquam
627 1651 692 1713 sine
714 1651 802 1712 caede
823 1668 967 1725 meorum,

106 1745 138 1798 tu
161 1754 279 1817 quoque
299 1734 406 1796 vulnus
426 1733 526 1797 habes.
568 1745 598 1798 at
619 1745 658 1811 te,
680 1736 747 1817 quia
768 1735 887 1810 semina,
908 1735 993 1798 rebar

33 1859 37 1865 -
105 1839 122 1882 a
145 1821 222 1882 ferro
244 1829 352 1881 tutam:
375 1818 504 1881 cecidisti
526 1829 556 1882 et
578 1821 685 1882 femina
707 1821 797 1896 lerro,
905 1836 910 1844 ·

106 1913 207 1985 totque
229 1914 297 1967 tuos
319 1904 396 1966 idem
417 1903 531 1979 tratres,
554 1914 583 1965 te
604 1905 730 1985 perdidit
751 1905 839 1981 idem,

106 1990 224 2051 exitium
246 1989 351 2052 Troiae
373 1988 525 2070 nostrique
546 1988 676 2062 orbator,
698 1988 834 2051 Achilles.

98 2083 135 2136 at
156 2085 312 2155 postquam
334 2073 439 2136 cecidit
459 2073 572 2136 Paridis
593 2074 762 2154 Phoebique
783 2073 905 2153 sagittis,

105 2178 186 2221 nunc
209 2168 296 2232 certe,
319 2159 388 2233 dixi,
410 2176 470 2220 non
493 2167 539 2220 est
560 2160 735 2221 metuendus
756 2158 892 2221 Achilles.

105 2263 186 2304 nunc
208 2262 325 2324 quoque
346 2243 385 2304 mi
408 2243 584 2305 metuendus
606 2255 682 2305 erat:
704 2243 780 2304 cinis
803 2244 865 2323 ipse
886 2238 994 2322 sepulti

105 2329 135 2389 in
158 2346 253 2406 genus
274 2329 332 2390 hoc
352 2328 453 2402 saevit,
475 2326 588 2390 tumulo
611 2345 730 2410 qnoque
750 2328 896 2389 sensimus
916 2328 1039 2388 hostem.

104 2413 246 2474 Aeacidae
268 2413 391 2474 lecunda
414 2413 465 2474 lui.
509 2412 584 2475 iacet
605 2414 680 2475 llion
702 2413 816 2492 ingens,

105 2507 269 2577 eventuque
291 2497 369 2576 gravi
382 2497 472 2572 vlinita
494 2506 538 2559 est
559 2497 678 2578 publica
699 2496 806 2573 clades,
826 2530 868 2542 -

105 2581 155 2642 sed
177 2582 258 2643 dnita
280 2592 388 2644 tamen.
431 2581 485 2644 soli
508 2582 581 2643 mihi
603 2582 742 2662 Pergama
765 2590 885 2655 munt,

104 2667 134 2727 in
159 2685 306 2747 cursuque
328 2685 412 2729 meus
433 2667 517 2728 dolor
539 2675 592 2729 est
636 2667 723 2728 modo
744 2666 867 2727 maxima
888 2680 997 2736 rerum,

104 2762 147 2813 tot
170 2752 286 2831 generis
308 2752 442 2832 natisque
462 2759 570 2831 potens
592 2751 774 2830 nuribusque
793 2751 924 2830 viroque,

105 2855 187 2897 nunc
209 2837 307 2898 trahor
329 2835 405 2908 exul,
428 2835 526 2916 inops,
547 2834 670 2898 tumulis
690 2834 787 2897 auulsa
808 2850 951 2905 meorum,

104 2920 269 3002 Penelopae
291 2938 408 2982 munus.
451 2938 526 3001 quae
547 2938 597 2981 me
617 2922 682 2981 data
703 2937 795 2999 pensa
816 2919 978 2980 nabentem

103 3006 245 3068 matribus
268 3005 426 3066 ostendens
447 3004 554 3067 ltlracis
575 3005 668 3081 „haec
691 3003 824 3064 llectoris
846 3002 893 3063 illa
916 3013 961 3063 est

100 3090 180 3152 clara
203 3109 320 3171 pareus,
342 3091 415 3151 haec
436 3092 500 3151 est“
523 3089 601 3151 dicet
623 3088 786 3164 „Priameia
808 3087 968 3149 coniunx“.

104 3217 305 3231 -—-——--

170 3276 219 3328 lot
238 3270 496 3340 quot-cruoresll
567 3269 629 3338 qnid
646 3269 662 3321 h
680 3269 780 3331 (lilerio
799 3273 874 3333 teste)
943 3269 991 3320 480
1014 3265 1167 3320 edideratrl

104 3411 219 3467 edideras
236 3410 304 3460 conl.
321 3407 410 3457 ΙΙσὶιυ.
479 3405 552 3457 matri
577 3404 706 3456 domiuum
729 3404 745 3456 li
814 3405 863 3456 488
881 3361 1014 3470 corpissll
1082 3399 1167 3452 iamir

103 3534 154 3584 400
175 3527 291 3580 lacrimas
307 3491 328 3553 Ν
350 3521 455 3587 (seruch
477 3526 506 3574 in
527 3537 615 3588 marg.
635 3489 653 3554 'l'
677 3527 740 3573 onte
762 3525 899 3583 rasuram)
922 3518 946 3570 tt
1016 3515 1166 3571 vulnerelll

105 3598 205 3661 (lilerio
222 3598 329 3657 tertela
388 3590 476 3643 lunera
494 3588 601 3642 tudiru
663 3592 788 3644 490489.
799 3589 883 3642 4910
951 3583 1166 3640 ruretenent

104 3669 153 3719 404
173 3662 239 3730 quod
258 3659 350 3714 esd.
363 3658 450 3711 ultima
465 3657 491 3709 tl
543 3658 617 3710 matri
634 3658 722 3709 Helue.
773 3660 822 3710 495
840 3671 923 3708 meum
941 3663 983 3707 tua
1003 3670 1027 3706 r.
1093 3653 1168 3706 tusc

103 3737 154 3788 406
169 3731 247 3782 sled
316 3742 357 3792 en,
375 3741 406 3779 ne
424 3727 511 3778 lleins.
581 3729 631 3778 500
654 3725 739 3793 sepult
756 3728 820 3787 (om.
837 3723 1005 3791 compendio)
1117 3723 1166 3773 505

106 3799 225 3854 aeacideu
243 3797 268 3849 ll
331 3793 469 3847 aeaciddh
531 3793 579 3845 luit
597 3791 622 3844 ll
685 3795 735 3847 500
752 3799 792 3844 est
810 3793 894 3845 omli
956 3793 1005 3843 505
1023 3789 1131 3842 menime
1150 3789 1168 3840 lr

104 3873 155 3922 510
172 3869 260 3929 tneor]
278 3860 424 3918 deorumll
475 3864 525 3915 543
543 3859 690 3929 primeialll
