2692 4230
84 146 147 209 224
545 155 699 212 nunaunt
1052 166 1155 212 urruns

85 344 133 387 me
155 327 301 404 miseram,
324 330 403 411 quod
427 345 488 390 non
510 324 592 387 nasci
613 323 687 385 mihi
708 326 833 407 contigit
853 327 923 401 illic,

85 410 264 494 fortunaque
285 413 344 476 loci
364 411 480 475 laedorl
502 441 545 454 -
567 405 637 488 quid
660 407 692 469 in
714 407 770 472 ista
791 409 947 475 revolvor‘l
967 445 1009 458 -
1112 419 1156 470 333

84 515 155 577 spes
176 498 348 561 interdictae
369 491 525 558 discedite!
547 491 657 570 dignus
678 494 768 555 amari

86 579 146 658 ille,
169 584 220 646 sed
242 595 276 645 ut
297 590 390 662 pater,
413 587 466 639 est
489 593 623 657 -ergo
646 575 671 637 si
693 576 752 638 fllia
773 581 871 659 magni

86 684 148 729 non
171 685 265 730 msem
288 665 423 743 Cinyrae,
446 659 571 741 Cinyrae
592 660 791 723 concumbere
812 681 948 743 possem:

87 770 169 813 nunc
189 752 259 831 qnia
281 749 339 809 iam
360 764 445 807 meus
466 755 521 819 est,
543 763 604 808 non
627 755 671 808 est
692 763 785 820 meus,
806 745 929 828 ipsaque
949 751 1055 813 damno

87 845 133 897 est
153 835 226 897 mihi
248 830 433 914 proximitas:
456 830 551 892 aliena
573 829 723 913 potentior
744 848 847 892 essem.

87 919 132 981 ire
153 919 227 981 libet
247 914 352 997 procul
374 915 446 976 hinc
466 915 637 997 patriaeque
658 914 826 996 relinquere
847 916 931 990 flues,

89 1005 160 1065 dum
182 1001 280 1062 scelus
303 999 451 1078 effugiam.
495 1001 602 1062 retinet
623 1000 719 1064 malus
739 999 826 1062 ardor
847 1009 1003 1076 amantem,

89 1099 122 1150 ut
143 1103 285 1166 praesens
307 1092 439 1165 spectem
461 1084 598 1164 Cinyram
619 1096 797 1166 mugamque
818 1085 981 1165 loquarque

89 1169 250 1249 osculaque
271 1169 451 1245 admoveam,
474 1169 498 1230 si
521 1169 562 1232 nil
584 1170 758 1234 conceditur
778 1169 863 1232 ultra.

89 1254 166 1316 ultra
187 1264 239 1316 aut
259 1264 426 1335 respectare
446 1254 557 1336 aliquid
579 1266 674 1336 potes,
696 1254 777 1338 inpia
798 1251 902 1335 virgo?

89 1349 121 1400 et
143 1349 216 1418 quot
237 1339 402 1401 confundas
423 1351 453 1402 et
474 1340 538 1402 iura
560 1350 591 1403 ct
612 1341 742 1416 nomina,
765 1336 877 1403 sentis?

90 1432 163 1484 tune
185 1422 244 1485 eris
266 1433 296 1485 et
316 1424 418 1486 matris
439 1424 525 1506 pelex
546 1435 577 1487 et
597 1425 728 1488 adultera
749 1422 863 1506 patris?

41 1542 43 1547 ·
90 1517 164 1569 tune
184 1526 271 1571 soror
294 1509 354 1570 nati
376 1510 569 1591 genetrixque
590 1510 732 1572 vorabere
753 1507 876 1572 lratrisl

91 1610 148 1654 nec
169 1602 284 1655 metues
305 1607 368 1655 atro
391 1593 513 1654 crinitas
534 1610 631 1670 angue
652 1610 778 1667 sorores,

93 1696 166 1758 quas
188 1677 302 1739 lacibus
324 1676 418 1738 saevis
440 1676 542 1738 oculos
563 1686 652 1756 atque
674 1694 724 1737 ora
746 1685 881 1756 petentes

93 1761 181 1824 noxia
203 1762 292 1822 corda
314 1757 437 1821 vident‘l
459 1771 489 1821 at
510 1770 552 1836 tu,
575 1761 646 1822 dum
668 1778 793 1842 corpore
815 1779 876 1823 non
899 1779 930 1822 es

94 1864 179 1927 passa
203 1846 294 1919 nefas,
317 1844 416 1906 animo
440 1863 479 1907 nc
500 1844 636 1926 concipe,
660 1863 732 1907 nevo
753 1846 884 1927 potentis

93 1928 257 1992 concubitu
279 1929 367 1991 vetito
390 1939 512 1992 naturae
533 1929 634 2011 pollue
655 1930 768 1991 foedus.

92 2013 168 2076 velle
192 2024 279 2095 putat
302 2033 351 2076 res
372 2013 436 2095 ipsa
458 2026 545 2077 vetat.
588 2014 658 2095 pius
679 2014 729 2076 ille
750 2031 922 2095 memorque
944 2025 987 2076 est

93 2098 186 2161 moris
208 2133 250 2144 —
273 2109 302 2160 et
324 2117 341 2158 o
364 2098 468 2160 vellem
490 2099 594 2161 similis
616 2099 700 2161 luror
722 2110 799 2161 esset
820 2100 850 2161 in
873 2098 960 2161 illol“

179 2183 307 2259 Dixerat,
329 2192 360 2244 at
382 2183 513 2263 Cinyras,
535 2201 625 2265 quem
646 2183 732 2266 copia
754 2184 842 2263 digna
864 2202 1033 2266 procorum,

96 2267 167 2348 quid
189 2267 285 2343 iaciat,
307 2267 441 2330 dubitare
463 2268 541 2343 iacit,
563 2268 686 2330 scitatur
706 2267 743 2330 ab
765 2267 829 2350 ipsa

96 2352 268 2415 nominibus
289 2352 385 2427 dictis,
408 2353 493 2414 cuius
513 2353 584 2415 velit
606 2371 671 2415 esse
692 2352 798 2415 mariti.

95 2437 144 2499 illa
167 2436 234 2499 silet
255 2437 351 2517 primo
374 2437 537 2518 patriisque
558 2438 589 2499 in
613 2437 742 2500 vultibus
764 2439 889 2500 haerens

95 2530 210 2584 aestuat
232 2533 260 2583 et
284 2522 382 2603 tepido
405 2522 549 2584 suffundit
570 2523 682 2584 lumina
704 2541 780 2584 rore.

94 2605 218 2686 virginei
243 2606 366 2686 Cinyras
387 2609 460 2669 haec
481 2608 605 2669 credens
626 2625 691 2669 esse
712 2607 836 2682 timoris,

95 2691 168 2753 flere
188 2701 265 2752 vetat
286 2691 438 2771 siccatque
459 2711 550 2771 genas
570 2702 660 2773 atque
682 2692 783 2754 oscula
803 2692 907 2771 iungit.

96 2776 213 2857 Myrrha
235 2775 310 2837 datis
334 2776 457 2838 nimium
480 2777 602 2856 gaudet:
626 2777 829 2858 consultaque,
853 2776 968 2858 qualem

96 2870 179 2943 optet
200 2860 310 2923 habere
331 2861 436 2933 virum,
460 2860 604 2937 „similem
627 2860 701 2922 tibi“
723 2861 804 2923 dixit
848 2860 947 2923 atille

97 2963 158 3008 non
181 2944 361 3007 intellectam
382 2963 484 3007 vocem
507 2945 714 3019 conlaudatet
736 2957 818 3022 „esto
1125 2953 1170 3004 363

95 3040 157 3092 tam
181 3030 227 3111 pia
250 3033 387 3110 semper“
411 3032 459 3092 ait.
504 3030 621 3111 pietatis
644 3030 764 3093 nomine
785 3031 863 3093 dicto

166 3181 215 3233 336
233 3194 344 3247 cynerae
363 3176 462 3243 (letan
513 3183 563 3233 333
580 3181 642 3244 iam]
656 3185 709 3233 mm
724 3181 894 3232 contlletns.
946 3181 995 3232 343
1012 3177 1170 3247 cynaramll

98 3243 244 3299 cineraml
297 3250 346 3299 344
365 3262 499 3300 amoveam
517 3246 542 3300 tt
603 3251 653 3302 345
671 3247 738 3301 ultra
756 3253 841 3300 autem
858 3243 994 3317 speraret
1044 3262 1067 3299 u
1086 3252 1170 3299 autem

98 3320 278 3382 exspectares
332 3317 382 3368 346
400 3318 474 3384 quot]
487 3314 576 3383 quoll
629 3315 732 3383 quode
784 3330 815 3367 ne
827 3319 890 3382 quot
902 3317 971 3367 coni.
984 3314 1172 3366 Comtcntimae

97 3449 231 3502 raum
299 3452 349 3502 347
370 3453 399 3502 in
419 3466 506 3516 anorg.
523 3451 585 3503 add.
602 3448 628 3502 tt
694 3446 788 3503 tunel
827 3382 941 3503 liiiio
1012 3451 1062 3504 348
1080 3446 1173 3502 tunel

98 3522 156 3569 eta
213 3519 263 3571 343
283 3513 391 3570 sacrol
452 3522 503 3572 350
521 3533 586 3585 quos
604 3533 665 3570 eun
678 3519 719 3585 εἰ.
736 3514 866 3585 anquesl
925 3520 975 3571 353
992 3516 1171 3570 concubitoll
1258 3532 1262 3542 ·

962 3585 1045 3651 tegis*

100 3653 384 3708 354654636113635.
449 3657 499 3708 355
518 3664 550 3719 ,ῃ
568 3654 647 3708 moris
665 3653 731 3719 (suit
747 3655 850 3719 amoris)
868 3653 894 3706 ll
951 3649 1062 3707 moriat
1111 3654 1173 3706 iuris

100 3720 190 3772 Helm.
241 3723 292 3774 356
311 3721 446 3774 cinarasC
499 3725 549 3776 353
567 3723 701 3790 primoque
719 3722 807 3791 patriis
825 3721 894 3775 inlll
946 3721 1078 3791 primoque
1095 3722 1174 3791 patris

100 3783 161 3840 inl.
220 3804 258 3857 pr.
276 3791 408 3859 patrisque
427 3790 484 3842 ine
553 3791 676 3859 atriisque
694 3794 812 3842 ratitue't
829 3791 918 3842 Helm.
977 3791 1023 3843 361
1043 3785 1174 3842 ciranasi.

98 3856 487 3977 ³⁶i‘1³⁸⁴1⁰{'⁰2⁸⁰¹²⁸¹'⁸¹⁰‘¹¹i⁸
507 3859 512 3924 Ι
531 3806 611 3920 ὅπου)
636 3861 759 3927 optltlltttet
776 3857 802 3910 ll
818 3860 866 3921 (er.
883 3861 921 3923 er)
973 3856 1090 3911 consulta
1113 3857 1175 3925 quid

95 3937 162 3990 ope
188 3939 252 3992 ope
