2692 4230
134 127 290 170 merounrns
496 116 529 178 ⁷21]
573 114 604 179 ll,
622 115 767 168 616-684.

135 284 341 369 Hippomenen
365 285 422 347 adii
444 283 601 364 docuique,
625 283 692 364 quis
713 304 786 347 usus
807 285 838 347 in
862 284 929 347 illis.

134 370 217 452 signa
241 372 328 436 tubae
349 369 502 443 dederant,
525 387 591 431 cum
614 389 732 433 carcere
756 389 871 452 pronus
894 380 1017 451 uterque

135 458 240 520 emicat
261 468 290 519 et
311 470 454 516 summam
478 453 567 516 celeri
589 455 664 536 pede
686 455 758 518 libat
779 457 929 519 harenam.

134 561 222 625 posse
245 550 331 623 putes
353 536 420 598 illos
442 538 521 602 sicco
544 542 616 602 treta
638 540 741 601 radere
763 560 852 621 passu

134 637 163 688 et
184 626 291 704 segetis
313 641 402 684 canae
424 633 535 687 stantes
556 642 730 706 percurrere
751 625 864 687 aristas.

132 712 263 773 adiciunt
284 707 399 768 animos
420 707 519 771 iuveni
541 711 711 786 clamorque
734 709 873 790 lavorque

133 795 279 873 verbaque
301 791 449 855 dicentum
474 812 585 872 „nunc
610 809 691 853 nunc
713 791 886 854 incumbere
909 797 1041 877 ternpusl

133 881 330 960 Hippomene,
352 880 496 961 properal
520 896 600 939 nunc
623 875 734 936 viribus
756 885 838 938 utere
860 879 945 940 totisl

133 962 211 1044 pelle
233 981 354 1038 moram,
377 964 513 1025 vincesi“
558 961 691 1033 dubium,
715 960 878 1041 Megareius
900 964 988 1025 beros

132 1047 265 1126 gaudeat,
288 1068 325 1110 an
347 1050 429 1127 virgo
453 1046 546 1126 magis
566 1047 612 1108 bis
634 1046 798 1109 Schoeneia
818 1047 913 1109 dictis.

132 1150 150 1191 o
173 1134 322 1213 quotiens,
345 1151 411 1194 cum
435 1132 492 1194 iam
515 1142 615 1213 posset
637 1132 773 1207 transire,
796 1143 908 1196 morata
931 1145 976 1196 est

131 1227 338 1299 spectatosque
360 1217 410 1279 diu
432 1217 530 1280 vultus
551 1217 641 1278 invita
663 1216 799 1297 reliquitl

131 1302 230 1365 aridus
253 1323 269 1364 e
291 1303 367 1365 lasso
389 1302 525 1364 veniebat
546 1301 693 1363 anhelitus
714 1320 776 1375 ore,

132 1397 267 1469 metaque
290 1397 351 1450 erat
373 1387 472 1466 longe.
516 1395 577 1446 tum
600 1384 729 1465 denique
751 1386 787 1446 de
809 1386 904 1449 tribus
927 1407 1017 1449 eruum

130 1472 240 1534 letibus
260 1471 391 1534 arboreis
412 1470 512 1552 proles
534 1469 679 1549 Neptunia
701 1469 789 1532 misit.

131 1558 276 1638 obstipuit
296 1557 377 1634 virgo
400 1555 546 1635 nitidique
566 1555 707 1636 cupidine
729 1555 810 1636 pomi

130 1642 258 1704 declinat
279 1659 383 1703 cursus
404 1659 569 1720 aurumque
590 1639 718 1701 volubile
740 1640 825 1702 tollit.

131 1727 270 1808 praeterit
292 1726 512 1807 Hippomenes:
535 1734 675 1787 resonant
696 1725 864 1806 spectacula
887 1725 1001 1806 plausu.

132 1811 180 1872 illa
204 1829 314 1873 moram
338 1811 426 1873 celeri
448 1817 620 1890 cessataque
640 1817 773 1890 tempora
796 1828 886 1872 cursu

130 1896 250 1976 corrigit
272 1904 360 1976 atque
382 1895 488 1957 iterum
512 1896 647 1957 iuvenem
670 1903 739 1976 post
760 1905 841 1975 terga
863 1895 1012 1977 relinquit.

131 1989 161 2042 et
181 2000 285 2043 rursus
306 1980 388 2062 pomi
409 1981 489 2042 iactu
512 1988 658 2042 remorata
680 1979 802 2041 secundi
897 1990 902 1998 '

131 2067 324 2146 consequitur
345 2066 510 2146 transitque
532 2065 635 2126 virum.
680 2083 749 2144 pars
769 2064 871 2126 ultima
898 2083 1002 2127 cursus

130 2150 274 2225 restabat;
299 2154 420 2226 „nunc“
444 2150 541 2230 inquit
564 2149 663 2225 „ades
686 2148 739 2210 dea
762 2149 895 2211 muneris
916 2151 1055 2213 auctorl“

131 2235 222 2315 inque
244 2235 320 2297 latus
341 2235 448 2317 campi,
471 2253 531 2315 quo
553 2235 665 2297 tardius
689 2235 736 2295 illa
759 2234 877 2309 rediret,

130 2320 197 2381 iecit
219 2320 255 2381 ab
279 2319 400 2400 obliquo
423 2321 548 2382 nitidum
571 2319 744 2381 iuvenaliter
765 2338 880 2381 aurum.

129 2423 166 2466 an
190 2414 312 2486 peteret,
334 2406 417 2484 virgo
438 2406 498 2467 visa
520 2413 565 2466 est
587 2404 736 2465 dubitare:
765 2405 848 2483 coegi

130 2490 232 2551 tollere
255 2499 284 2552 et
305 2490 397 2552 adieci
419 2489 535 2551 sublato
559 2489 689 2570 pondera
711 2489 789 2550 malo

130 2575 310 2656 impediique
332 2575 432 2636 oneris
454 2576 565 2656 pariter
587 2576 726 2654 gravitate
749 2591 898 2652 moraque.

130 2678 203 2722 neve
224 2679 309 2722 meus
330 2677 427 2721 sermo
451 2678 540 2721 cursu
562 2660 602 2721 sit
625 2660 735 2721 tardior
757 2659 832 2739 ipso,

129 2745 287 2825 praeterita
310 2753 356 2806 est
376 2745 476 2824 virgo:
499 2745 581 2806 duxit
603 2763 654 2806 sna
677 2744 806 2825 praemia
827 2743 931 2805 victor.

130 2830 267 2908 dignane,
290 2830 337 2891 cui
360 2839 458 2910 grates
481 2840 591 2909 ageret,
613 2829 660 2890 cui
684 2830 758 2891 turis
780 2829 923 2890 bonorem

130 2915 229 2989 lerret,
252 2915 357 2989 Adoni,
382 2913 446 2976 lui?
467 2948 510 2960 ·-
534 2933 588 2975 uec
610 2924 707 2994 grates
729 2915 875 2975 inmemor
900 2912 968 2992 egit,

131 3019 186 3061 nec
209 3000 279 3061 mibi
304 3010 368 3061 tura
392 3000 480 3061 dedit.
525 2999 651 3060 subitam
674 3009 830 3060 convertor
852 3000 882 3059 in
907 2999 990 3072 iram,

129 3082 361 3165 contemptuque
383 3085 498 3157 dolens,
521 3103 559 3145 ne
580 3086 635 3146 sim
658 3085 826 3164 spernenda
848 3084 965 3157 suturis,

198 3288 247 3338 653
266 3300 364 3337 summa
383 3286 473 3337 celeris
492 3286 618 3352 pendebat
637 3216 712 3336 altana
731 3284 755 3335 Μ
809 3289 858 3338 ost
878 3284 1017 3337 laederelll
1069 3287 1117 3338 6ῦῖ
1138 3300 1204 3335 nrrnc

125 3357 205 3419 priua
223 3353 285 3404 add.
302 3351 344 3403 lt·
395 3358 444 3406 659
463 3354 567 3405 dubium
587 3360 657 3405 este
712 3355 762 3406 660
780 3353 900 3419 gaudeal]
920 3353 1139 3418 audiat-magis
1157 3352 1204 3402 lios

129 3421 251 3472 conobeia
270 3420 364 3484 dicli{s
379 3419 404 3471 Μ
457 3418 578 3473 ceneiai
630 3436 760 3488 ceneyas
811 3421 1103 3473 schoeueiaed.Aldin.
1155 3423 1203 3471 663

647 3512 718 3574 terga

129 3576 154 3635 e]
173 3589 220 3630 ar
282 3578 332 3630 666
350 3573 518 3642 obstupuitr
578 3579 628 3628 670
647 3581 712 3627 terra
731 3573 755 3625 Μ
818 3572 955 3641 reliquiti
1017 3576 1066 3627 67³
1085 3573 1204 3637 muueris]

130 3642 240 3693 numinis
252 3641 277 3744 lp
330 3645 379 3696 675
399 3643 574 3695 iuvenilitera
625 3647 675 3697 otc
694 3642 794 3708 coegi}
812 3640 837 3692 Μ
890 3645 938 3695 677
958 3640 1102 3709 εΜεείξΜ
1155 3643 1205 3694 6ῖ8

129 3735 276 3848 Ιωρεὼτῗῳ
294 3779 398 3832 boueris
415 3779 545 3847 quaeritur
556 3777 582 3830 Μ
635 3781 682 3832 cot
704 3777 788 3842 digna.
801 3791 849 3829 nec
861 3784 888 3829 ut
901 3778 1019 3843 gratesb
1072 3780 1120 3831 662
1140 3778 1205 3830 adon

129 3865 288 3932 sullspsgst'flll,
305 3863 329 3916 Μ
383 3865 452 3915 rende
470 3882 486 3915 a
502 3867 593 3929 primo
611 3879 693 3915 runnu
710 3862 813 3924 suctum
831 3860 898 3930 supe
