2692 4230
32 95 196 166 ¹232,
384 184 386 189 Α
519 111 703 166 narsum
837 125 975 164 drumm
1003 125 1157 166 inmunes

93 281 162 362 quid
186 285 266 365 quod
288 284 365 348 inest
385 283 476 345 virtm
498 290 527 343 et
550 298 633 341 mens
654 279 786 343 interrita
807 280 881 346 letil

93 367 163 448 quid
186 368 265 450 quod
287 369 323 432 ab
346 383 490 448 aequorea
512 372 683 426 numeratur
705 365 818 444 origine
839 363 984 449 quartus?

93 452 161 532 quid
185 454 264 534 quod
286 463 363 516 amat
384 448 517 527 tantique
539 455 622 528 putat
644 447 769 510 conubia
792 462 903 530 nostra,

91 547 124 598 ut
146 547 256 620 pereat,
277 537 301 599 si
323 553 371 597 me
392 534 452 594 lons
475 531 517 593 illi
539 533 612 593 dura
634 529 768 610 negarit?

91 622 161 683 dum
184 623 263 696 licet,
284 622 403 700 hospes,
424 615 471 678 abi
494 617 695 696 thalamosque
716 616 852 697 relinque
874 630 1020 683 cruentos
1110 626 1155 679 611

91 707 261 786 coniugium
285 700 403 765 crudele
424 718 523 762 meum
546 712 599 764 est.
642 699 695 761 tibi
718 700 830 762 nubere
852 705 931 768 nulla

91 790 181 867 nolet,
204 801 233 851 et
254 786 348 868 optari
371 796 457 866 potes
477 806 494 848 a
516 787 648 869 sapiente
669 784 774 867 puella.

91 892 144 936 cur
166 885 262 936 tamen
286 879 329 931 est
351 870 422 931 mihi
444 889 514 933 cura
537 872 591 948 tui,
613 879 656 934 tot
677 870 733 932 iam
755 879 823 932 aute
845 871 1027 954 peremptis?

90 957 208 1020 rideritl
231 989 273 1001 -
297 955 430 1029 intereat,
453 956 592 1036 quoniam
616 965 659 1019 tot
681 955 769 1017 caede
790 973 949 1036 procorum

89 1041 256 1104 admonitus
278 1057 338 1101 non
362 1048 407 1101 est
428 1041 583 1122 agiturque
604 1042 634 1104 in
658 1041 749 1104 taedia
771 1041 854 1101 vitae.

89 1125 203 1186 occidet
224 1124 272 1185 hic
294 1123 393 1203 igitur,
415 1123 508 1187 voluit
529 1126 596 1207 quia
616 1127 712 1189 virere
733 1143 859 1198 mecum,

89 1209 300 1289 indignamque
322 1227 425 1271 necem
446 1210 574 1292 pretium
596 1211 723 1292 patietur
745 1206 876 1273 amoris‘l

92 1311 151 1354 non
175 1293 231 1355 erit
253 1293 378 1357 invidiae
398 1295 521 1358 victoria
543 1305 643 1358 nostra
664 1297 810 1359 serendae.

87 1378 137 1438 sed
161 1396 221 1440 non
246 1378 332 1461 culpa
353 1397 417 1443 mea
440 1391 495 1443 est
539 1381 650 1443 utinam
672 1381 813 1443 desistere
836 1380 931 1455 velles,

86 1470 147 1534 aut,
170 1464 309 1544 quoniam
332 1483 364 1527 es
385 1466 516 1538 demens,
538 1465 650 1527 uunam
673 1465 799 1527 velocior
821 1465 915 1526 essesl

86 1555 116 1608 at
139 1567 225 1628 quam
248 1549 397 1628 virgineus
418 1549 524 1630 puerili
547 1549 643 1610 vultus
665 1548 695 1609 in
719 1566 771 1610 ore
792 1550 850 1612 estl

86 1632 118 1693 al
141 1628 231 1694 miser¹
252 1632 448 1714 Hippomene,
471 1631 578 1693 nollem
601 1631 654 1693 tibi
676 1632 735 1693 visa
757 1631 895 1694 luisseml

85 1717 180 1778 rivere
202 1717 309 1796 dignus
331 1734 405 1778 eras.
450 1717 527 1797 quod
550 1717 575 1777 si
598 1714 711 1778 felicior
732 1734 838 1790 essem,

86 1819 141 1862 nec
162 1801 233 1862 mihi
257 1800 426 1880 coniugium
449 1802 506 1864 lata
528 1801 688 1884 inportuna
711 1811 859 1880 negarent,

84 1904 162 1946 unus
184 1903 258 1960 eras,
281 1903 348 1947 eum
370 1905 429 1967 quo
453 1887 565 1948 sociare
587 1886 694 1948 cubilia
716 1886 848 1948 vellem.“

83 1969 203 2043 dixerat,
227 1980 319 2050 utque
341 1971 424 2032 rudis
445 1971 601 2052 primoque
623 1969 768 2051 Cupidine
788 1979 874 2043 tacta,

83 2053 205 2115 dissidet
226 2054 380 2135 ignorans:
404 2066 479 2117 amat
503 2065 530 2117 et
554 2073 614 2116 nou
636 2055 723 2116 sentit
745 2072 885 2115 amorem.

84 2138 139 2200 iam
163 2138 265 2200 solitos
287 2149 417 2221 poscunt
437 2158 543 2201 cursus
564 2138 752 2222 populusque
774 2148 925 2219 paterque,

84 2243 150 2284 cnm
175 2243 222 2285 me
244 2222 367 2286 sollicita
390 2224 490 2305 proles
511 2223 658 2304 Neptunia
680 2243 751 2285 voce

82 2308 197 2370 invocat
220 2308 423 2389 Hippomenes
446 2309 626 2389 „Cytherea“
651 2328 708 2389 que
730 2326 924 2390 ,conprecor,
946 2309 1023 2371 ausis

81 2393 173 2454 adsit“
198 2393 238 2455 ait
262 2393 391 2468 „nostris
413 2404 442 2454 et
465 2413 541 2474 qnos
562 2394 651 2469 dedit,
673 2395 787 2455 adiuret
809 2395 922 2472 ignes.“

81 2477 185 2538 detulit
206 2496 275 2539 aura
298 2496 402 2559 preces
423 2480 459 2540 ad
481 2496 530 2539 me
553 2497 611 2540 nou
636 2480 730 2540 invida
753 2478 882 2550 blandas,

80 2571 218 2642 motaque
240 2581 316 2636 sum,
339 2565 440 2624 lateor.
485 2582 542 2624 nec
563 2564 630 2644 opis
650 2582 733 2626 mora
754 2564 841 2643 longa
864 2562 994 2625 dabatur.

80 2655 123 2708 est
145 2665 224 2726 ager,
246 2647 402 2727 indigenae
424 2648 618 2710 Tamasenum
641 2649 760 2710 nomino
781 2649 896 2721 dicunt,

80 2731 193 2792 telluris
216 2732 340 2813 Cypriae
361 2751 429 2814 pars
451 2733 572 2815 optima,
595 2752 682 2813 quam
703 2733 774 2795 mihi
798 2733 886 2814 prisci

80 2834 229 2878 sacravere
250 2835 338 2879 senes
360 2815 536 2899 templisque
557 2819 695 2880 accedere
717 2820 814 2880 dotem

79 2901 154 2962 lianc
177 2901 288 2962 iussere
310 2902 392 2963 meis.
436 2902 533 2963 medio
557 2903 629 2964 nitet
650 2903 738 2965 arbor
759 2904 789 2964 in
812 2920 890 2976 aruo,

78 2983 154 3047 lulla
177 3004 301 3060 comam,
324 2986 401 3048 lulio
424 2987 513 3049 ramis
534 2987 744 3069 crepitantibus
765 3005 848 3049 auro.

77 3069 148 3131 ltine
170 3070 224 3132 tria
247 3071 323 3132 lorte
344 3090 407 3134 mea
430 3072 551 3134 veniens
573 3074 707 3153 decerpta
731 3071 858 3134 lercham

78 3173 164 3216 aurea
188 3173 276 3236 poma
298 3174 404 3218 manu:
428 3156 562 3237 nullique
584 3157 704 3219 ridenda
728 3157 782 3218 nisi
806 3157 862 3239 ipsi
1101 3165 1145 3216 651)

145 3357 191 3406 611
218 3354 332 3422 quidque
356 3354 425 3423 quod
449 3371 505 3423 aeq.
529 3352 545 3407 λ
613 3361 662 3410 otc
685 3359 766 3425 putat]
794 3364 888 3425 pugnat
917 3353 932 3408 2
999 3357 1047 3408 622
1074 3355 1144 3407 nolet

1066 3438 1104 3471 '2

77 3506 199 3557 Heinsius
250 3505 374 3559 nolletd
426 3507 522 3576 potes}
547 3513 594 3568 tar.
612 3508 810 3577 t)-puellall
862 3511 912 3562 626
936 3438 1086 3626 161111οζιι

76 3572 100 3626 ll
153 3577 203 3628 666
221 3576 260 3637 es]
277 3571 337 3626 etl
405 3580 451 3629 611
473 3578 509 3639 atl
527 3575 593 3632 alis
665 3580 713 3631 661
738 3578 799 3645 quid
823 3575 923 3628 lacitd
991 3592 1042 3643 quo
1082 3574 1142 3627 lacit

75 3643 150 3694 editt.
167 3647 229 3693 ante
245 3643 398 3706 Heinsium
422 3645 546 3696 Heinsius
567 3647 650 3696 corti:
674 3645 785 3712 quidque
808 3651 880 3711 agats
905 3644 965 3711 quid
988 3642 1050 3695 velit
1073 3647 1141 3694 cont.

75 3708 162 3771 ll'a'cle5
180 3713 306 3776 temptari
323 3711 430 3764 dissidet
448 3712 569 3778 ignotam
619 3715 735 3766 616111
755 3708 968 3781 eytlrereiaquel
1016 3711 1142 3778 eytlreria-

74 3776 166 3844 quedl
229 3781 277 3832 611
297 3778 401 3831 assitll
465 3783 514 3833 611
533 3778 733 3832 damasenumll
790 3774 1001 3832 damascenuml
1050 3777 1142 3831 Tama·

74 3860 146 3898 mum
164 3846 318 3897 Farraabius
386 3846 556 3901 Tamasenum
573 3850 692 3900 restituit
708 3847 809 3899 Merkel
875 3849 925 3900 618
942 3845 1056 3899 romall

1057 3522 1143 3560 mttere
