2692 4230
106 114 166 176 122
423 178 425 184 ,
539 168 541 175 .
565 124 716 177 ΜΕΤΑΜΜ.

103 293 250 375 equibus
273 295 419 371 Ismenus,
441 295 492 375 qui
514 293 599 353 matri
620 293 731 355 sarcina
754 299 901 377 quondam

103 379 198 461 prima
221 399 291 443 suae
313 384 418 454 iuerat,
440 381 510 440 dum
532 385 644 438 certum
667 378 758 442 flectit
778 383 808 443 in
831 383 934 445 orbem

104 464 304 547 quadrupedis
326 481 434 528 curans
454 460 678 542 spumantiaque
699 481 748 525 ora
771 476 896 540 coercet,

99 543 140 611 ‘ei
163 544 270 611 mihit'
295 548 460 612 conclamat
480 545 635 625 medioque
656 546 686 607 in
708 560 828 628 pectore
848 554 904 614 hxa

102 634 160 696 tela
183 635 268 713 gerit,
291 632 444 712 frenisque
465 647 554 691 manu
576 631 719 693 moriente
739 634 869 698 remissis

102 719 134 780 in
156 718 233 780 latus
254 737 271 780 a
293 718 397 779 dextro
419 714 558 796 paulatim
580 716 681 778 dcllnit
702 734 791 778 armo.

102 803 267 884 proximus,
288 800 389 863 audito
412 799 512 862 sonitu
534 801 695 882 perinane
717 803 878 881 pharetrae,

103 889 187 949 irena
209 887 297 948 dabat
318 883 448 967 Sipylus,
469 884 558 946 veluti
581 905 647 949 cnm
669 886 817 969 praescius
838 887 947 952 imbres

103 971 185 1034 nube
208 970 283 1048 fugit
304 969 364 1031 visa
387 970 603 1053 pendentiaque
623 972 753 1052 undique
775 981 873 1033 rector

102 1054 223 1118 carbasa
245 1054 375 1128 deducit,
398 1074 515 1136 nequa
538 1056 609 1118 levis
630 1058 729 1120 eidnat
750 1075 828 1119 aura.

103 1142 186 1200 irena
208 1149 307 1200 tamen
330 1139 448 1202 dantem
471 1158 532 1203 non
554 1142 687 1205 evitabile
707 1142 797 1204 telum

103 1222 312 1303 consepultum
336 1243 509 1308 summaque
532 1237 660 1290 ueniens
682 1228 794 1290 cervice
814 1225 918 1304 sagitta

102 1307 197 1369 haesit
219 1319 248 1371 et
269 1310 401 1374 exstabat
423 1312 536 1374 nudum
556 1313 593 1374 de
614 1323 733 1392 gutture
754 1314 874 1374 ferrum.

103 1392 164 1466 ille,
187 1405 218 1456 ut
241 1407 313 1470 erat,
336 1415 452 1477 pronus
474 1415 527 1478 per
549 1396 623 1458 colla
644 1398 768 1460 admissa
790 1396 933 1477 iubasque

102 1477 229 1540 volvitur
250 1489 281 1542 et
303 1479 398 1543 calido
420 1480 554 1544 tellurem
576 1482 719 1562 sangnine
737 1483 841 1544 ioedat

102 1562 280 1626 Phaedimus
302 1564 406 1627 infelix
428 1578 457 1628 et
478 1567 545 1627 aviti
568 1568 697 1627 nominis
717 1567 802 1628 heres

102 1646 253 1722 Tantalus,
275 1659 310 1710 ut
332 1649 420 1711 solito
442 1650 532 1709 linem
553 1649 711 1729 inposuere
732 1649 834 1723 labori,

102 1734 281 1795 transierant
301 1732 337 1795 ad
361 1751 437 1814 opus
460 1733 568 1795 nitidae
589 1733 720 1795 iuvenale
742 1736 903 1814 palaestrae

81 1829 130 1878 ‘et
154 1818 211 1878 iam
234 1817 423 1879 contulerant
444 1830 507 1880 arto
530 1817 671 1880 luctantia
693 1837 769 1880 nexu

102 1913 224 1982 pectora
246 1902 427 1982 pectoribus,
449 1921 516 1965 cnm
540 1913 619 1964 tento
642 1905 755 1965 concita
778 1921 877 1974 nervo,

103 1986 180 2047 sicut
202 1997 287 2048 erant
307 1987 412 2062 iuneti,
434 1987 548 2049 traiecit
568 1999 725 2068 utrumque
746 1988 857 2067 sagitta.

103 2071 277 2150 ingemuere
299 2072 399 2147 simul,
421 2072 508 2134 simul
530 2073 678 2135 incurvata
699 2072 800 2135 dolore

104 2156 236 2218 membra
259 2156 323 2217 solo
346 2176 483 2238 posuere,
505 2157 591 2219 simul
614 2177 748 2239 suprema
770 2158 898 2218 iacentes

103 2239 216 2302 lumina
238 2253 402 2318 versarunt,
425 2242 550 2304 animam
572 2243 658 2304 simul
680 2243 859 2304 exhalarunt.

103 2325 230 2406 adspicit
251 2326 405 2407 Alphenor
427 2326 590 2408 laniataque
612 2338 729 2409 pectora
751 2326 894 2408 plangens

103 2409 228 2482 advolat,
252 2423 285 2472 ut
306 2412 420 2490 gelidos
442 2412 633 2494 conplexibus
655 2414 765 2474 adlevet
785 2425 875 2473 artus.

105 2495 197 2575 inque
219 2498 269 2576 pio
293 2497 371 2559 cadit
393 2499 504 2559 oldcio:
528 2516 594 2560 nam
618 2498 717 2560 Delius
739 2498 781 2559 illi

103 2580 206 2642 intima
229 2580 345 2643 iatiiero
368 2584 448 2664 rupit
470 2584 638 2665 praecordia
660 2584 747 2645 ierne.

104 2666 184 2745 quod
207 2665 294 2727 simul
317 2668 454 2729 eductum
477 2678 530 2746 est,
554 2687 621 2749 pars
642 2677 687 2729 est
708 2666 856 2748 pulmonis
873 2665 904 2726 in
927 2664 1020 2726 hamis

104 2761 198 2822 eruta,
221 2770 350 2831 cumque
371 2753 468 2814 anima
490 2772 577 2814 cruor
599 2765 643 2814 est
664 2753 774 2814 effusus
795 2752 825 2812 in
848 2769 944 2811 auras.

103 2846 134 2897 at
156 2854 217 2895 non
240 2837 393 2899 intonsum
415 2838 538 2919 simplex
560 2837 801 2900 Damasichthona
824 2835 929 2896 vulnus

173 3056 223 3106 224
245 3055 361 3107 iamenus
377 3054 404 3106 M
473 3055 620 3107 ismenosa
687 3057 736 3107 226
757 3001 918 3121 quadrupedis
936 3049 979 3102 Μι
1048 2980 1172 3103 οἶιῐῗὲξε

104 3117 328 3256 2231Ξοξξὲἓὶἓε
397 3188 463 3242 fixus
487 3193 528 3254 (ns
551 3193 569 3242 i.
587 3207 619 3255 r.,
637 3205 711 3240 eraso
729 3191 772 3252 ai)
795 3187 820 3238 Μ
889 3189 936 3239 231
964 3192 1034 3252 terga
1057 3181 1173 3237 dabatl

104 3256 193 3309 imbris
210 3257 299 3311 deiru.
352 3257 401 3310 233
420 3257 504 3310 eiduit
521 3257 547 3310 Μ
604 3261 653 3309 234
669 3261 739 3308 sica
786 3253 1017 3310 teodemdantem
1034 3250 1171 3304 m.ree.B

104 3323 206 3376 tandem
224 3324 249 3376 Μ
312 3325 383 3378 irena
401 3325 487 3392 dabat,
504 3331 588 3378 umen
606 3321 706 3445 hupcl
762 3324 790 3424 iu.
809 3324 894 3387 dabat,
912 3321 1014 3374 dantem
1032 3323 1066 3372 ci.
1083 3320 1172 3372 deinc

104 3463 155 3513 236
178 3459 248 3529 oud]
273 3461 378 3514 crudum
403 3461 525 3514 ceretto
593 3460 624 3513 de
658 3400 801 3527 {puppa
868 3461 916 3511 233
936 3456 979 3509 ille
997 3459 1027 3508 in
1042 3472 1128 3522 marg.
1146 3455 1172 3508 Μ

104 3543 150 3595 per
168 3531 278 3581 crurah
336 3545 382 3596 per
399 3529 465 3583 colla
483 3530 572 3581 licias.
623 3527 779 3582 ammissall
840 3529 887 3579 241
908 3524 1052 3581 iuveniles
1102 3525 1173 3576 inve

104 3630 163 3719 nabe
179 3663 204 3715 Μ
274 3669 325 3719 242
343 3664 506 3717 lucrantiaB
574 3668 624 3719 243
642 3663 800 3717 contentoll
858 3660 878 3723 (l
896 3632 1013 3713 contorto
1030 3663 1053 3726 a)
1121 3661 1172 3713 243

104 3729 248 3801 ρυευεῐελ
321 3735 372 3787 243
389 3735 459 3784 eice
510 3734 634 3786 evolatd
683 3735 747 3785 252
765 3730 882 3783 eductum
900 3733 962 3796 (om.
979 3723 1063 3793 estid
1122 3730 1173 3781 254

104 3868 235 3922 iniosshB
282 3820 416 3920 pamm
434 3876 455 3930 (t
472 3874 498 3920 ct
514 3886 530 3921 n
548 3871 628 3934 corr.)
645 3867 670 3919 Μ
722 3870 771 3920 234
788 3864 998 3919 damasithonah
1024 3864 1174 3920 musam.
