2692 4230
169 163 286 204 montone
522 218 526 228 ἱ
606 147 647 212 vl,
665 148 809 200 224-289.

172 322 278 385 adlicit.
324 325 399 385 ictus
421 328 491 391 erat,
515 337 572 398 qua
595 337 663 381 crus
685 337 751 381 esse
773 319 880 400 incipit
902 325 930 380 et
954 336 1011 398 qua

171 409 270 470 mollia
295 424 435 469 nervosus
457 403 525 464 lacit
546 403 714 467 internodia
737 405 850 486 poples.
1034 393 1043 412 ⁶

171 495 301 575 dumque
323 508 412 551 manu
436 497 558 569 temptat
579 491 695 552 trahere
717 489 863 552 exitiabile
884 487 985 560 telum,

171 578 261 641 altera
284 594 338 657 per
361 573 494 652 iugulum
517 576 625 655 pennis
648 588 734 636 tenus
756 584 819 636 acta
841 574 945 654 sagitta
968 583 1021 635 est.

173 662 287 745 expulit
308 661 385 720 hauc
406 659 525 737 sanguis
547 680 639 742 seque
662 659 824 721 eiaculatus
845 660 877 720 in
900 658 993 721 altum

172 748 278 810 emicat
299 754 329 804 et
350 742 438 822 longe
460 746 603 807 terebrata
626 744 741 825 prosilit
762 761 843 805 aura.

171 832 293 894 ultimus
315 827 444 889 llioneus
467 849 526 892 non
550 830 717 911 proiectura
740 827 889 906 precando

170 912 307 977 bracchia
330 914 498 989 sustulerat,
516 907 566 976 ‘di'
592 931 650 994 que
668 907 700 971 ‘o
723 911 921 974 communiter
943 907 1068 986 omnes',

170 999 292 1070 dixerat,
314 997 434 1077 ignarus
456 1019 516 1061 non
539 1015 644 1060 omnes
665 1015 729 1057 esse
756 997 915 1076 rogandos,
961 993 967 1005 ‘

168 1075 311 1163 ‘parcite'
358 1094 456 1146 motus
477 1094 549 1158 erat,
571 1100 640 1144 curn
664 1082 721 1142 iam
743 1081 908 1143 revocabile
930 1081 1022 1143 telum

171 1186 231 1228 non
255 1168 321 1241 luit,
343 1170 518 1231 arcitenens.
563 1167 685 1228 minimo
708 1179 806 1228 tamen
829 1167 937 1229 occidit
959 1167 1009 1229 ille

171 1253 302 1326 vulnere,
327 1274 386 1316 nou
409 1254 467 1316 alte
488 1270 629 1333 percusso
652 1251 741 1314 corde
763 1251 878 1332 sagitta.

256 1338 344 1400 Fama
367 1338 434 1400 mali
456 1336 619 1418 populique
641 1335 946 1417 dolor‘lacrimaeque
967 1355 1090 1399 suorum

171 1434 230 1486 tam
252 1424 366 1485 subitae
389 1432 508 1484 matrem
531 1432 641 1483 certam
664 1423 761 1483 iecere
783 1421 897 1495 ruinae,

170 1509 327 1572 mirantem
349 1507 490 1588 potuisse,
512 1507 758 1587 irascentemque,
782 1505 861 1587 quod
884 1506 948 1567 ausi

170 1595 228 1656 boc
250 1601 349 1654 esseut
371 1592 480 1672 superi,
502 1593 580 1673 quod
604 1602 719 1654 tantum
741 1592 815 1653 iuris
836 1591 989 1652 baberent.

171 1696 239 1740 nam
261 1687 344 1757 pater
365 1678 512 1758 Amphion
534 1679 614 1739 lerro
637 1696 691 1757 per
713 1688 817 1758 pectus
835 1677 938 1737 adacto

169 1763 287 1824 linierat
307 1762 439 1824 moriens
459 1762 570 1842 pariter
591 1780 660 1823 cum
682 1762 750 1822 luce
769 1761 914 1822 dolorem.

170 1848 228 1909 beu
252 1858 394 1926 quantum
417 1848 489 1908 baec
511 1845 604 1907 Niobe
626 1846 720 1908 Niobe
741 1845 869 1908 distabat
889 1846 926 1906 ab
948 1844 1009 1921 illa,

171 1951 246 2012 quae
268 1933 357 1994 modo
379 1932 479 1994 Latois
502 1933 647 2014 populum
670 1931 857 1994 submoverat
880 1931 939 1993 aris

171 2028 198 2079 et
220 2017 346 2079 mediam
368 2018 474 2080 tulerat
495 2037 613 2097 gressus
635 2017 776 2098 resupina
799 2035 852 2098 per
874 2015 991 2089 urbem,

170 2103 313 2165 invidiosa
336 2104 409 2174 suis,
431 2115 461 2165 at
482 2122 563 2164 nunc
584 2102 749 2164 miseranda
772 2101 818 2162 vel
840 2101 928 2162 bosti.

171 2187 346 2268 corporibus
363 2186 465 2268 gelidis
488 2188 633 2250 incumbit
655 2197 684 2248 et
706 2187 811 2248 ordino
833 2186 915 2248 nullo

171 2272 272 2334 oscula
293 2273 444 2353 dispensat
465 2284 549 2335 natos
572 2291 710 2354 suprema
731 2291 786 2354 per
808 2289 922 2333 omnes.

170 2375 187 2418 a
209 2357 318 2438 quibus
339 2359 375 2418 ad
399 2360 511 2420 caelum
533 2359 651 2420 lieentia
673 2357 809 2420 bracchia
831 2356 941 2418 tollens

166 2436 312 2522 ‘pascere
336 2443 473 2517 crudelis,
497 2455 609 2518 nostro,
631 2445 753 2516 Latona,
776 2441 890 2515 doloro,

171 2519 300 2607 pascere‘
325 2528 365 2589 ait
384 2523 527 2609 ‘satiaque
549 2547 616 2590 meo
639 2539 689 2589 tua
712 2537 831 2608 pectora
854 2527 954 2588 luctu:

172 2613 288 2673 efferor.
312 2612 423 2674 exsulta
443 2614 606 2694 victrixque
629 2612 748 2675 inimica
770 2611 930 2694 triumpha.

172 2709 344 2759 curantem
367 2696 492 2760 victrix‘.l
514 2700 639 2759 miserae
660 2698 732 2760 milri
757 2697 841 2778 plura
863 2706 1035 2777 supersunt,

171 2801 258 2862 quam
281 2783 334 2843 tibi
358 2783 451 2846 lelici:
474 2793 541 2864 post
563 2794 608 2845 tot
630 2801 750 2864 quoque
772 2785 878 2844 lunera
899 2776 1004 2844 vinco?

170 2868 291 2942 dixerat,
314 2877 344 2930 et
364 2869 464 2930 sonuit
485 2879 626 2930 contento
651 2887 759 2930 nervus
779 2868 816 2929 ab
839 2886 921 2929 arcu.

171 2952 221 3032 qui
245 2963 361 3032 praeter
382 2954 496 3015 Nioben
519 2973 609 3015 unam
631 2954 796 3015 conterruit
817 2971 937 3014 omnes:

54 3042 58 3050 '
171 3037 218 3098 illa
241 3038 317 3098 malo
341 3050 386 3099 est
408 3041 509 3100 audax.
553 3041 668 3101 stabant
691 3058 759 3101 cum
782 3039 912 3099 vestibus
933 3037 1004 3098 atris

170 3133 238 3183 ante
262 3135 340 3183 toros
362 3125 485 3185 fratrum
509 3125 635 3185 demisso
659 3125 741 3186 crine
760 3141 887 3185 sorores.

171 3265 279 3340 ‘Corque
299 3273 379 3325 lerum
398 3268 468 3325 satia’
488 3274 559 3339 dixit,
576 3270 632 3341 ‘per
650 3274 737 3326 lunera
756 3268 869 3341 septem'
1210 3282 1248 3322 232

238 3411 289 3462 256
307 3425 433 3462 corrosus
451 3427 485 3460 en
498 3409 654 3462 nordosusB
704 3409 798 3476 poplex
816 3428 828 3459 ε
881 3412 931 3462 259
950 3423 1005 3476 seq:
1024 3412 1060 3475 (q:
1079 3411 1097 3458 ι’.
1110 3424 1132 3457 r.
1145 3425 1161 3457 a
1174 3421 1208 3456 m.
1220 3406 1247 3468 3)

169 3542 194 3595 Μ
242 3544 384 3598 eiaculatus
401 3547 490 3596 Heius.
540 3545 706 3598 iaculatusA
759 3548 808 3599 260
827 3545 999 3597 tenebrataB
1052 3547 1102 3596 261
1122 3491 1249 3595 illbbusl

170 3614 219 3666 265
238 3613 325 3679 arcrilsp
342 3622 432 3666 tenens
449 3613 474 3665 bl
525 3613 858 3681 totmalrlsp(er.1m)lll
910 3617 961 3666 273
979 3613 1044 3665 haee
1061 3608 1147 3663 conl
1198 3613 1248 3663 282

169 3680 221 3733 del.
244 3682 349 3745 Heius.,·
372 3686 401 3732 in
424 3682 444 3732 Ε
466 3699 491 3733 υ.
509 3681 560 3735 280
584 3683 668 3747 deest,
693 3687 755 3749 port
779 3700 803 3734 o.
821 3681 873 3734 281
895 3684 962 3733 leuce
986 3682 1128 3747 leguntur:
1153 3694 1248 3746 corque

171 3749 251 3802 lerum
269 3755 370 3815 satura,
394 3750 465 3802 dixit.
500 3766 545 3817 per
563 3750 652 3802 lunera
670 3754 768 3817 septem
786 3750 851 3803 llum
870 3766 930 3817 pars
948 3755 1034 3802 nostra
1059 3750 1125 3800 iacet
1144 3751 1170 3800 et
1187 3746 1249 3798 dum

170 3818 322 3938 polum?
340 3825 438 3886 septem
456 3818 552 3870 Elseror
570 3825 618 3870 etc.
689 3821 738 3871 233
763 3834 813 3886 que
838 3815 923 3870 onai
992 3819 1249 3882 28910r.]rogosr

188 3901 276 3938 rmrsso
