2692 4230
128 161 250 200 merone.
278 161 374 202 samua
561 143 763 210 Χ1,61’1-616.

215 321 253 381 tt
274 321 327 382 dea
349 336 410 380 non
432 314 509 377 ultra
531 332 587 395 pro
609 315 711 378 functo
732 323 828 377 morte
849 316 948 396 rogari

127 406 270 479 sustinet3
293 412 386 483 utque
407 418 514 461 manus
536 401 668 464 funestas
688 409 784 464 arceat
805 401 873 478 aris,

129 490 199 567 „Iri‚
221 491 323 551 meae“
345 483 418 547 dixit
441 484 601 562 „fidissima
623 488 728 550 nuntia
746 487 836 563 vocis,

128 575 189 636 vise
210 571 403 654 soporiferam
424 569 529 634 Somni
549 572 690 633 velociter
711 571 805 634 auiam

129 658 323 736 exstinctique
344 653 415 716 iube
437 655 541 738 Ceycis
562 657 690 736 imagine
710 657 806 717 mittat

129 742 250 806 Somnia
272 740 307 801 ad
330 737 481 821 Alcyonen
504 760 589 804 veros
611 740 759 802 narrantia
781 744 896 803 casus.“

125 829 256 890 dixerat:
279 824 412 889 induitur
433 827 578 889 velamina
599 824 680 886 milia
702 823 834 886 colorum

128 912 184 973 bis
206 920 235 971 et
256 921 374 974 arcuato
397 912 512 974 caelum
534 908 704 973 curvamine
725 908 845 988 signans

130 1004 205 1057 tecta
228 995 302 1075 petit
322 997 394 1059 iussi
416 995 472 1058 sub
495 994 575 1057 nube
596 994 715 1056 latentia
736 993 823 1073 regis.

213 1079 265 1143 Est
287 1102 381 1164 prope
404 1079 582 1142 Cimmerios
602 1080 694 1159 longo
715 1078 855 1160 spelunca
877 1096 1006 1154 recessu,

128 1183 333 1242 moeremus,
355 1165 453 1247 ignavi
475 1165 581 1228 domus
604 1173 633 1226 et
655 1163 815 1246 penetralia
837 1163 957 1227 Somni:

130 1269 188 1329 quc
211 1270 373 1332 numquam
394 1251 484 1313 radiis
506 1250 607 1313 oriens
628 1249 777 1312 mediusve
799 1250 942 1311 cadensve

127 1334 266 1398 Phoebus
287 1337 368 1399 adire
388 1345 497 1418 potest.
543 1335 668 1398 nebulae
690 1335 814 1413 caligine
836 1335 943 1397 mixtae

129 1421 303 1483 exhalantur
323 1423 415 1484 humo
438 1420 605 1502 dubiaeque
626 1419 799 1501 crepuscula
821 1419 905 1481 lucis.

129 1524 190 1567 non
213 1505 281 1585 vigil
303 1505 363 1568 ales
384 1504 425 1566 ibi
449 1505 561 1567 cristati
584 1505 720 1568 cautibus
742 1505 801 1565 cris

129 1600 230 1652 evocat
250 1608 396 1665 auroram,
420 1609 476 1652 nec
497 1608 569 1653 voce
591 1589 708 1652 silentia
729 1597 874 1669 rumpunt

122 1672 281 1736 ‘sollicitive
304 1693 393 1737 canes
415 1675 574 1739 canibusve
595 1675 727 1755 sagacior
748 1693 845 1736 anser.

129 1778 191 1820 nou
214 1759 285 1834 iera,
309 1779 370 1822 nnn
393 1761 533 1843 pecudes,
557 1779 618 1822 non
642 1760 714 1821 moti
736 1759 855 1821 flamine
875 1759 948 1821 rami

128 1845 309 1907 humanaeve
331 1864 438 1907 sunum
461 1847 590 1909 reddunt
611 1845 741 1909 convicia
764 1845 891 1924 linguae.

128 1939 210 1990 muta
232 1930 316 2010 quies
337 1929 458 1993 habitat
502 1949 572 1994 saxo
594 1939 693 1994 tamen
715 1930 774 1992 exit
794 1927 831 1991 ab
853 1928 913 1991 imo

128 2013 209 2076 nvus
230 2034 323 2095 aquae
345 2015 463 2091 Lethes,
486 2035 540 2099 per
562 2034 650 2096 quem
674 2034 740 2078 cum
763 2032 915 2076 murmure
937 2013 1038 2076 labens

129 2099 229 2161 invitat
251 2118 372 2162 somnos
394 2100 608 2182 crepitantibus
630 2100 707 2162 unda
729 2098 846 2179 lapillis.

129 2195 199 2245 ante
220 2184 299 2247 iores
320 2186 398 2247 antri
421 2186 547 2247 secunda
570 2204 712 2267 papavera
735 2185 843 2246 florent

130 2269 361 2351 innumeraeque
381 2270 502 2347 herbae,
525 2289 649 2352 quarum
671 2272 708 2333 de
730 2271 804 2333 lacte
826 2287 964 2350 soporem

130 2373 188 2416 nox
211 2353 285 2435 legit
307 2364 336 2417 et
358 2356 471 2437 spargit
493 2376 548 2437 per
569 2375 677 2438 opacas
699 2355 796 2417 umida
817 2363 920 2417 terras.

130 2438 217 2500 ianua
240 2458 296 2501 nec
318 2458 402 2501 verso
425 2440 568 2503 stridores
589 2441 708 2502 cardine
729 2439 838 2501 reddit:

130 2523 210 2584 nuila
233 2525 320 2585 domo
343 2535 414 2601 tota,
436 2535 537 2588 custos
559 2525 590 2588 in
611 2525 714 2586 limine
736 2523 845 2586 nulius.

130 2619 161 2668 at
181 2609 278 2671 medio
301 2620 384 2671 torus
407 2621 451 2672 est
472 2610 568 2673 ebeno
591 2611 726 2672 sublimis
747 2610 778 2671 in
801 2617 898 2682 antro,

131 2693 277 2773 plumeus
300 2694 447 2770 unicolor,
470 2695 553 2776 pullo
575 2695 720 2756 velamine
741 2702 852 2756 tectusa

131 2797 190 2857 qun
214 2779 303 2841 cubat
325 2780 389 2861 ipse
411 2781 485 2842 deus
506 2779 647 2842 membris
670 2780 812 2859 languore
833 2778 947 2840 solutis.

131 2863 213 2924 ivunc
235 2864 312 2925 circa
335 2865 443 2946 passim
466 2864 560 2929 varias
581 2865 725 2927 imitantia
748 2864 856 2926 formas

131 2945 252 3010 Somnia
277 2968 347 3010 vana
369 2951 467 3013 iacent
490 2952 623 3025 totidem,
646 2960 719 3031 quot
740 2949 844 3012 messis
865 2949 979 3021 aristas,

131 3032 201 3094 silva
223 3034 299 3112 gerit
321 3035 453 3108 frondes,
475 3037 583 3098 eiectas
605 3036 675 3096 litus
697 3037 829 3096 harenas.

132 3137 191 3197 quo
214 3119 301 3178 simui
323 3121 441 3181 intravit
463 3122 660 3200 manibusque
682 3121 825 3180 obstantia
848 3120 930 3196 virgo

132 3203 251 3263 Somnia
275 3203 406 3279 dimovit,
428 3207 518 3267 vestis
539 3204 654 3285 fulgore
677 3204 784 3266 reluxit

131 3305 212 3350 sacra
234 3289 350 3350 domus.
395 3291 537 3371 tardaque
559 3291 632 3352 deus
654 3290 793 3367 gravitate
816 3288 944 3350 iacentes

306 3471 317 3504 a

199 3543 249 3592 583
267 3471 394 3607 gioiuncti
413 3539 438 3592 bi
502 3539 630 3609 profuncti
648 3559 661 3590 ε
729 3543 777 3590 tut
797 3470 854 3605 acles
866 3566 898 3575 -
911 3535 1047 3604 erutaque
1063 3543 1084 3598 tt
1101 3537 1208 3587 uidetur

131 3694 161 3742 in
179 3710 232 3745 raa.
246 3709 298 3759 pro
317 3693 329 3743 f
339 3695 469 3759 peritum,
490 3693 587 3744 uitiata
605 3693 685 3743 iiteru
703 3710 717 3742 e
734 3708 803 3742 cerr.
821 3707 857 3743 m.
874 3692 901 3756 3)
919 3688 944 3740 bi
1014 3692 1063 3741 tut
1079 3619 1173 3741 lm
1195 3709 1208 3740 ε

132 3763 182 3813 663
201 3757 335 3814 letheust
404 3763 454 3814 668
473 3777 550 3813 neca
612 3761 681 3813 neC
737 3760 821 3822 verso]
839 3774 901 3812 vero
919 3755 945 3809 M
1003 3757 1136 3809 stridorem
1155 3773 1209 3809 car-

132 3826 234 3880 minat
286 3827 411 3880 redditbi
464 3829 553 3881 reddat
571 3849 586 3886 ς
604 3828 639 3889 ef.
657 3827 711 3880 ΧΙΙ
725 3830 757 3880 45
820 3831 871 3880 616
890 3829 926 3890 at]
945 3825 1008 3876 tac
1064 3826 1164 3877 hebeno
1182 3823 1207 3876 tt

133 3896 158 3946 in
183 3893 275 3948 atrei
343 3900 391 3949 611
417 3897 535 3965 plumeus
559 3905 637 3964 atque
660 3897 730 3948 color
750 3896 775 3948 bi
844 3899 893 3948 tta
918 3893 1018 3959 matteis
1039 3901 1066 3952 ts
1089 3891 1223 3947 amnt&
