2692 4230
131 143 233 182 ornnes
589 127 608 192 1,
625 129 768 181 noe-428.

133 320 202 382 spes
226 312 325 364 tamen
350 301 381 361 in
403 298 494 359 dubio
516 309 575 360 est:
598 299 670 362 adeo
692 298 868 361 caelestibus
888 298 976 361 ambo

133 387 275 449 diffidunt
298 383 436 447 monitis:
459 383 511 444 sed
533 384 604 465 quid
626 396 770 466 temptare
793 380 932 446 nocebit?

133 471 320 534 descendunt
343 465 499 548 velantque
520 479 610 551 eaput
632 469 805 549 tunicasque
827 467 984 550 recingunt

135 569 164 618 et
187 557 284 617 iussos
305 551 419 634 lapides
440 570 492 615 sun
515 567 582 635 post
603 554 721 632 vestigia
743 554 872 615 mittunt

134 661 202 703 saxa
226 639 306 718 (quis
328 639 387 699 hoe
408 637 518 714 eredat,
541 640 596 701 nisi
617 639 656 700 sit
679 655 731 718 pro
755 647 828 699 teste
850 637 1012 716 venustant)

134 742 249 806 ponere
271 721 411 783 duritiem
433 741 558 804 coepere
579 742 725 804 suumque
747 722 875 801 rigorem

134 807 305 887 mollirique
328 824 410 868 mora
432 808 603 890 mollitaque
625 809 731 870 ducere
753 808 886 869 sormam.

135 911 204 955 mox
228 892 278 953 nbi
302 903 458 954 creverunt
481 905 643 973 naturaque
665 892 765 953 mitior
786 891 842 954 illis

136 977 272 1056 contigit,
296 987 329 1038 ut
351 979 504 1058 quaedam,
526 978 569 1039 sie
591 995 650 1037 non
673 975 836 1050 manifesta,
858 977 949 1039 videri

135 1063 229 1123 lorma
253 1073 353 1142 potest
374 1063 512 1133 hominis,
535 1062 595 1134 sed,
619 1061 660 1122 uti
683 1060 719 1121 de
741 1078 886 1122 marmore
908 1073 1025 1142 coepto,

136 1166 196 1209 non
220 1157 321 1210 exacta
344 1149 415 1210 satis
435 1147 618 1227 rudibusque
639 1145 785 1207 simillima
807 1145 909 1226 signis.

134 1250 211 1312 quae
234 1247 332 1295 tamen
356 1252 391 1294 ex
414 1231 472 1293 illis
492 1231 591 1313 aliquo
613 1251 682 1312 pars
705 1231 801 1292 umida
823 1249 895 1293 suco

134 1332 163 1378 et
185 1329 303 1380 terrena
326 1317 392 1390 tuit,
414 1335 496 1378 versa
519 1327 563 1378 est
584 1317 615 1376 in
638 1315 773 1395 eorporis
795 1334 897 1391 usum;

134 1405 213 1484 qnod
236 1402 366 1465 solidum
389 1412 434 1462 est
454 1401 592 1482 lleetique
615 1402 727 1480 nequit,
750 1410 880 1463 mutatur
901 1401 932 1461 in
954 1418 1038 1474 ossa;

134 1508 209 1569 qnae
232 1487 321 1549 modo
346 1506 419 1548 vena
441 1487 505 1561 luit,
528 1486 583 1548 sub
605 1488 708 1547 eodem
731 1485 851 1547 nomine
873 1486 996 1560 mansit;

133 1575 225 1654 inque
247 1572 329 1633 brevi
352 1572 447 1653 spatio
470 1590 645 1652 superorum
670 1570 792 1632 numine
812 1590 879 1633 saxa

133 1657 221 1719 missa
245 1657 300 1718 viri
324 1658 461 1718 manibus
482 1656 584 1717 laoiem
607 1667 719 1718 traxere
740 1657 879 1730 uirorum,

133 1754 161 1803 et
183 1743 220 1802 de
243 1742 373 1803 femineo
395 1752 529 1822 reparata
552 1749 596 1802 est
618 1741 726 1802 femina
748 1741 835 1803 iactu.

133 1827 201 1888 inde
223 1845 320 1905 genus
341 1827 448 1887 durum
470 1844 572 1888 sumus
594 1825 808 1906 experiensque
829 1825 973 1900 laborum,

133 1922 162 1973 et
183 1913 363 1972 documenta
386 1910 501 1986 damus,
524 1929 581 1991 qua
603 1912 695 1973 simus
717 1911 832 1990 origine
856 1911 925 1973 nati.

218 1995 325 2057 Cetera
348 1996 470 2057 dirersis
492 1995 580 2058 tellus
601 1995 736 2058 animalia
758 1997 860 2059 lormis

132 2092 240 2162 sponte
262 2100 316 2142 sna
339 2081 465 2162 peperit,
487 2090 643 2161 postquam
666 2091 749 2143 vetus
771 2100 856 2143 umor
877 2081 913 2141 ab
936 2081 1005 2160 igne

133 2164 276 2247 percaluit
298 2165 382 2236 solis,
405 2184 589 2244 coenumque
610 2166 743 2246 udaeque
766 2166 887 2247 paludes

132 2252 301 2313 intumuere
322 2261 416 2324 aestu,
438 2250 623 2331 leeundaqne
645 2251 756 2313 semina
779 2270 887 2321 rerum,

132 2336 221 2397 rivaei
246 2337 358 2398 nutrita
380 2336 455 2409 solo,
478 2355 534 2398 een
556 2337 655 2398 matris
676 2337 708 2397 in
729 2336 805 2409 alvo,

131 2433 287 2482 creverunt
311 2421 476 2501 faciemque
497 2421 624 2502 aliquam
646 2440 751 2501 oepere
774 2420 925 2482 morando.

131 2507 175 2568 eie
198 2506 248 2568 ubi
271 2505 402 2569 desernit
424 2507 556 2568 madidos
577 2506 767 2587 septemfluus
788 2523 875 2584 agros

130 2590 216 2652 Nilus
239 2603 268 2653 et
290 2591 413 2673 antiquo
435 2610 488 2653 aua
512 2591 632 2653 [lumina
654 2590 781 2652 reddidit
801 2591 893 2664 alveo,

130 2677 324 2757 aetherioque
347 2696 451 2738 recens
473 2677 579 2740 exarsit
600 2676 694 2737 sidere
716 2675 813 2749 limus,

130 2761 258 2843 plurima
283 2762 414 2824 cultores
436 2762 527 2823 versis
547 2760 684 2822 animalia
704 2761 814 2840 glaebis
1164 2765 1208 2816 445

131 2847 296 2920 inveniunt,
320 2855 349 2907 et
371 2847 402 2907 in
424 2846 471 2908 bis
493 2848 635 2927 quaedam
657 2847 744 2907 modo
767 2856 871 2927 eoepta
893 2844 949 2906 snb
972 2843 1067 2924 ipsum

132 2933 272 2992 nascendi
296 2932 435 3011 spatium,
457 2931 599 3012 quaedam
621 2932 783 3011 inperfecta
806 2931 926 3011 suisque

130 3026 234 3077 uunca
257 3017 358 3077 vident
382 3016 524 3088 numeris,
545 3027 576 3078 et
598 3017 699 3077 eodem
722 3017 752 3076 in
775 3034 898 3096 corpore
920 3034 1008 3095 saepe

200 3169 248 3216 394
269 3167 413 3221 nocebatr
477 3169 526 3219 395
551 3163 716 3218 disceduntl
776 3171 822 3218 404
849 3165 976 3218 durntiem
994 3164 1019 3215 Μ
1057 3163 1208 3216 duritiame

130 3320 180 3369 404
200 3320 238 3378 ut]
257 3325 283 3368 et
303 3315 328 3368 Μ
379 3321 429 3371 405
448 3317 486 3370 uli
504 3325 543 3370 est
561 3319 657 3371 Μονλκ1
691 3327 784 3386 coepto
802 3250 1209 3388 Ileim.letchret1itia(²ilctrriid)etur

130 3387 148 3435 ἰ.
167 3391 200 3446 r.)
218 3383 244 3435 Μ
275 3389 385 3452 ceptae
423 3386 522 3452 coeptis
540 3388 635 3439 ltere-‚²
698 3393 747 3440 444
766 3387 832 3439 unde
846 3388 1062 3518 grobqsalvepffb
1080 3387 1116 3450 in]
1141 3382 1208 3522 abvl

130 3523 249 3574 ott-2³
269 3537 303 3572 m.
318 3521 415 3588 paullo
432 3528 531 3574 recent
549 3525 653 3575 addidit
670 3528 729 3575 r'ne
764 3527 813 3577 423
833 3524 925 3576 redidit
942 3523 1001 3575 alvo
1019 3520 1035 3574 l
1069 3527 1119 3576 424
1139 3522 1207 3575 limrs

131 3655 155 3707 Μ
191 3660 275 3710 etot
296 3621 321 3709 ib
341 3664 399 3728 uate
418 3660 513 3743 piput:
528 3660 646 3713 nascendi
659 3663 768 3726 spatium
786 3661 836 3727 'nidd
855 3660 927 3728 iplie
945 3662 1051 3729 suisque
1068 3661 1172 3722 (omnia
1191 3678 1208 3710 a

131 3759 242 3795 mauce.
255 3756 314 3797 m
329 3743 372 3794 nel
389 3760 437 3812 xv,
456 3764 523 3813 quae
538 3750 645 3814 punctis
661 3750 762 3798 secrevi
778 3749 796 3797 ι’.
814 3750 850 3809 r.)
868 3745 893 3796 Μ
921 3750 1014 3812 postea
1031 3746 1124 3798 addito
1142 3752 1208 3797 runt

130 3881 338 3932 hemistichium
352 3898 365 3929 e
391 3891 465 3949 cepta
477 3885 617 3952 peripsum
636 3903 651 3942 ς
677 3884 725 3937 sub
738 3884 822 3955 ipsum
835 3880 989 3951 Naugerius
1033 3828 1213 3938 medeberis
