2692 4230
143 124 185 186 58
598 134 752 188 Merulam

144 323 230 384 quam
253 306 396 368 simulavit
417 324 506 370 anum
527 303 686 384 posuitque
706 302 742 361 ad
766 312 896 388 tempora
918 324 1009 369 canos

143 390 323 472 sulcavitque
344 402 440 453 cutem
462 389 552 466 rugis.
575 394 605 446 et
625 403 712 447 curva
734 393 871 461 trementi

143 475 272 537 membra
293 477 359 538 tulit
380 493 481 556 passm
503 487 605 530 rocem
627 487 747 550 qrroque
769 473 838 535 lecit
860 476 968 538 anilem

142 560 264 640 ipsaque
286 571 348 621 erat
369 561 470 629 Beroe,
492 554 622 615 Semeles
645 554 801 636 Epidauria
824 562 933 622 nutrix.

142 663 212 723 orgo
235 643 286 705 ulri
307 654 421 724 captato
443 657 579 700 sermone
600 640 710 720 diuque
732 640 881 719 loquendo

143 730 178 789 ad
202 746 310 790 nomeu
332 745 436 787 uenere
458 724 542 798 lovis,
564 726 691 805 suspirat
714 733 744 784 et
760 716 846 804 ‘opto

141 813 274 894 luppiter
296 823 328 873 ut
348 805 393 870 sit'
417 811 472 868 ait:
493 803 606 870 ‘metuo
628 820 725 871 tamen
749 810 856 870 omnia.
901 813 985 874 multi

142 898 262 959 tremine
283 897 413 956 dirorum
437 894 577 955 thalamus
599 896 692 957 iniere
714 895 846 976 pudicos.

141 1000 197 1042 nec
218 991 315 1042 temen
339 997 401 1039 esse
423 977 519 1039 lovem
541 980 613 1040 satis
634 992 694 1041 est:
717 981 766 1042 del
787 979 897 1060 pignus
918 982 1036 1056 amoris,

140 1066 268 1126 simodo
290 1081 375 1123 verus
396 1062 421 1122 is
442 1075 494 1135 est,
518 1075 705 1146 quantusque
725 1074 756 1127 et
778 1063 873 1145 qualis
893 1061 931 1125 ab
953 1065 1010 1126 alta

139 1150 255 1210 lunone
275 1148 428 1227 excipitur,
450 1160 548 1211 tantus
569 1150 704 1231 talisque,
726 1160 838 1231 rogato,

140 1233 189 1293 det
210 1232 263 1292 tibi
286 1232 454 1312 coruplexus
476 1254 587 1316 suaque
608 1244 676 1297 ante
698 1232 959 1315 insignia-sumat?

224 1315 343 1379 Talibus
363 1318 492 1397 ignaram
515 1320 589 1381 luno
612 1320 766 1383 Cadmeida
787 1319 874 1382 dictis

140 1402 288 1463 lormarat.
331 1413 414 1482 rogat
436 1404 482 1466 illa
505 1404 601 1465 lovem
624 1407 689 1466 sine
712 1405 832 1465 nomine
852 1422 971 1465 munus.

141 1487 188 1548 cui
211 1487 283 1549 deus
302 1482 396 1567 ‘elige’
420 1489 475 1550 ait:
495 1483 619 1550 ‘nullam
642 1489 752 1569 patiere
773 1487 930 1568 repulsam.

140 1590 257 1652 quoque
278 1573 370 1651 magis
390 1574 500 1646 credas,
523 1572 614 1651 Stygii
638 1588 757 1651 quoque
778 1573 896 1633 conscia
919 1583 1007 1634 sunto

140 1659 260 1719 numina
284 1657 438 1718 torrentis:
462 1657 549 1716 timor
570 1665 600 1716 et
621 1656 694 1717 deus
715 1654 766 1716 ille
788 1656 910 1719 deorum
934 1653 996 1717 est?

137 1742 211 1803 laeta
233 1742 309 1803 malo
332 1741 512 1818 nimiumque
534 1749 641 1820 potens
663 1740 851 1821 perituraque
872 1742 997 1803 amantis

138 1824 279 1906 obsequio
303 1824 417 1885 Semele
434 1818 563 1904 ‘qualem
587 1818 732 1885 Saturnia’
755 1825 828 1886 dixit

134 1902 177 1972 ‘te
197 1910 272 1970 solet
293 1909 438 1989 amplecti,
461 1908 581 1969 Veneris
603 1927 671 1970 cum
692 1910 796 1970 loedus
817 1910 909 1984 initis,

137 1996 171 2054 da
194 1994 265 2054 milri
290 2004 317 2054 te
338 1989 443 2054 talem?
480 1993 572 2055 uoluit
592 1994 665 2056 deus
687 2012 737 2056 ora
760 1993 908 2074 loquentis

138 2079 321 2158 opprimere:
344 2079 452 2140 exierat
472 2079 529 2139 iam
548 2097 607 2142 uox
630 2089 784 2160 properata
806 2079 860 2140 sub
883 2097 976 2141 auras.

136 2163 300 2242 ingemuit;
323 2181 418 2242 neque
441 2165 518 2224 enim
541 2182 600 2224 nou
624 2166 697 2226 haec
720 2174 846 2244 optasse,
870 2182 967 2244 neque
988 2163 1038 2224 ille

137 2266 197 2308 uon
220 2248 330 2309 iurasse
351 2259 456 2328 potest.
500 2266 569 2326 ergo
592 2249 801 2310 maestissimus
823 2249 913 2310 altum

136 2334 250 2393 aethera
272 2333 443 2393 conscendit
464 2334 604 2413 vultuque
626 2334 779 2414 sequentia
803 2334 888 2395 traxit

137 2417 246 2490 nubila,
268 2417 335 2496 quis
357 2416 472 2478 nimbos
494 2419 674 2498 inmixtaque
696 2419 812 2496 fulgura
833 2418 928 2480 ventis

136 2502 245 2564 addidit
267 2513 295 2563 et
317 2502 442 2562 tonitrus
463 2513 493 2562 cr.
515 2503 682 2564 inevitabile
703 2504 824 2565 fulmen.

136 2606 192 2666 qua
215 2596 311 2648 tamen
334 2606 428 2667 usque
449 2596 557 2667 potest,
579 2588 661 2648 vires:
677 2588 731 2648 sibi
754 2589 871 2649 demere
893 2597 1015 2667 temptat

137 2690 201 2744 nec,
225 2689 282 2751 quo
304 2673 500 2732 centimanum
523 2672 668 2735 deiecerat
689 2672 758 2751 igue
780 2673 929 2754 Typhoea,

136 2774 217 2817 utine
238 2765 368 2817 armatur
389 2775 441 2816 eo:
466 2757 587 2817 nimium
610 2757 733 2819 feritatis
754 2757 784 2818 in
807 2757 858 2818 illo
881 2768 934 2818 est.

135 2852 177 2902 cst
200 2840 276 2901 aliud
299 2838 389 2900 levius
413 2841 534 2913 tulmen,
557 2841 605 2903 cui
627 2843 726 2903 dextra
748 2842 904 2923 cyclopum

134 2925 268 2986 saevitiae
289 2923 479 3004 flammaeque
500 2925 609 3000 miuus,
631 2927 734 2988 minus¹
750 2927 860 2988 addidit
881 2927 957 3000 irae;

134 3009 189 3070 tela
211 3010 338 3071 secunda
360 3018 465 3070 rorant
487 3010 595 3090 superi.
639 3012 719 3092 capit
741 3011 789 3072 illa
811 3012 990 3090 domumque

134 3096 223 3156 intrat
244 3097 434 3173 Agenoream.
478 3113 586 3174 corpus
608 3095 731 3156 mortale
754 3096 898 3158 tumultus

135 3198 194 3241 nou
218 3178 283 3240 tulit
304 3179 449 3240 aetherios
470 3180 614 3260 donisque
637 3180 782 3258 iugalibus
802 3180 882 3241 arsit.

133 3264 312 3346 inperfectus
332 3263 426 3325 adhuc
448 3263 544 3324 iulans
565 3265 722 3343 genetricis
743 3265 780 3327 ab
801 3265 866 3326 alro

134 3347 268 3430 eripitur,
292 3347 442 3428 patrioque
463 3359 546 3409 tener
567 3349 604 3422 (si
627 3350 745 3411 credere
767 3350 887 3428 dignum
912 3351 968 3426 est)

201 3582 250 3632 275
268 3527 431 3633 sigillo-itt
486 3583 534 3634 atu
552 3581 656 3633 menbra
675 3586 705 3634 tr.
723 3597 802 3635 curra
820 3582 879 3634 tulit
897 3596 987 3648 gressu
1003 3598 1017 3632 a
1077 3583 1128 3634 278
1146 3591 1202 3634 erat

134 3654 154 3711 (t
172 3665 189 3698 u
199 3652 257 3702 oct
273 3664 306 3699 ea
316 3648 371 3700 ulia
387 3647 464 3700 litera
476 3645 581 3709 cornil
625 3650 669 3701 aet
692 3655 720 3700 ut
737 3649 780 3714 sit]
791 3650 850 3703 utin
868 3654 908 3715 (ut
924 3652 984 3714 i.r.‚
1000 3654 1032 3700 ut
1046 3647 1202 3713 uideturldl

133 3719 183 3770 282
200 3714 335 3769 inhiereB
369 3715 494 3784 inaniorell
546 3719 596 3770 28³
611 3713 710 3770 iorisi
761 3720 808 3771 291
826 3724 865 3771 est
878 3717 1025 3770 dulmine.
1069 3720 1120 3770 304
1134 3733 1203 3770 nuuc

123 3873 209 3916 armat
226 3873 254 3918 et
270 3864 366 3919 nimi
408 3800 569 3921 mima
619 3871 667 3922 aut
687 3867 799 3922 secunda
816 3868 841 3921 ltl
885 3865 963 3920 illei
1014 3871 1064 3922 ata
1082 3817 1158 3936 aemi
1174 3868 1200 3921 ll
